timestamp,book,bid,ask,spread
"2023-10-02 01:22:29+00:00","btc_mxn",457240.0,457240.02,4.374070322765372e-06
"2023-10-02 01:22:30+00:00","btc_mxn",457240.0,457240.02,4.374070322765372e-06
"2023-10-02 01:22:31+00:00","btc_mxn",457240.0,457240.02,4.374070322765372e-06
"2023-10-02 01:22:32+00:00","btc_mxn",457240.0,457240.02,4.374070322765372e-06
"2023-10-02 01:22:33+00:00","btc_mxn",457240.0,457240.02,4.374070322765372e-06
"2023-10-02 01:22:34+00:00","btc_mxn",457240.0,457240.02,4.374070322765372e-06
"2023-10-02 01:22:35+00:00","btc_mxn",457240.0,457240.02,4.374070322765372e-06
"2023-10-02 01:22:36+00:00","btc_mxn",457240.0,457240.02,4.374070322765372e-06
"2023-10-02 01:22:38+00:00","btc_mxn",457240.0,457240.02,4.374070322765372e-06
"2023-10-02 01:22:39+00:00","btc_mxn",457240.0,457240.02,4.374070322765372e-06
"2023-10-02 01:22:40+00:00","btc_mxn",457240.0,457240.02,4.374070322765372e-06
"2023-10-02 01:22:41+00:00","btc_mxn",457240.0,457240.02,4.374070322765372e-06
"2023-10-02 01:22:42+00:00","btc_mxn",457240.0,457240.02,4.374070322765372e-06
"2023-10-02 01:22:43+00:00","btc_mxn",457240.0,457240.02,4.374070322765372e-06
"2023-10-02 01:22:44+00:00","btc_mxn",457240.0,457240.02,4.374070322765372e-06
"2023-10-02 01:22:45+00:00","btc_mxn",457240.0,457240.02,4.374070322765372e-06
"2023-10-02 01:22:46+00:00","btc_mxn",457240.0,457240.02,4.374070322765372e-06
"2023-10-02 01:22:47+00:00","btc_mxn",457240.0,457240.02,4.374070322765372e-06
"2023-10-02 01:22:48+00:00","btc_mxn",457240.0,457240.02,4.374070322765372e-06
"2023-10-02 01:22:49+00:00","btc_mxn",457240.0,457240.02,4.374070322765372e-06
"2023-10-02 01:22:50+00:00","btc_mxn",457240.0,457240.02,4.374070322765372e-06
"2023-10-02 01:22:51+00:00","btc_mxn",457240.0,457240.02,4.374070322765372e-06
"2023-10-02 01:22:52+00:00","btc_mxn",457240.0,457240.02,4.374070322765372e-06
"2023-10-02 01:22:53+00:00","btc_mxn",457240.0,457240.02,4.374070322765372e-06
"2023-10-02 01:22:54+00:00","btc_mxn",457240.0,457240.02,4.374070322765372e-06
"2023-10-02 01:22:55+00:00","btc_mxn",457240.0,457240.02,4.374070322765372e-06
"2023-10-02 01:22:56+00:00","btc_mxn",457240.0,457240.02,4.374070322765372e-06
"2023-10-02 01:22:57+00:00","btc_mxn",457240.0,457240.02,4.374070322765372e-06
"2023-10-02 01:22:58+00:00","btc_mxn",457240.0,457240.02,4.374070322765372e-06
"2023-10-02 01:22:59+00:00","btc_mxn",457240.0,457240.02,4.374070322765372e-06
"2023-10-02 01:23:00+00:00","btc_mxn",457240.0,457240.02,4.374070322765372e-06
"2023-10-02 01:23:01+00:00","btc_mxn",457240.0,457240.02,4.374070322765372e-06
"2023-10-02 01:23:02+00:00","btc_mxn",457240.0,457240.02,4.374070322765372e-06
"2023-10-02 01:23:03+00:00","btc_mxn",457240.0,457240.02,4.374070322765372e-06
"2023-10-02 01:23:04+00:00","btc_mxn",457240.0,457240.02,4.374070322765372e-06
"2023-10-02 01:23:05+00:00","btc_mxn",457240.0,457240.02,4.374070322765372e-06
"2023-10-02 01:23:06+00:00","btc_mxn",457240.0,457240.02,4.374070322765372e-06
"2023-10-02 01:23:07+00:00","btc_mxn",457240.0,457240.02,4.374070322765372e-06
"2023-10-02 01:23:08+00:00","btc_mxn",457240.0,457240.02,4.374070322765372e-06
"2023-10-02 01:23:09+00:00","btc_mxn",457240.0,457240.02,4.374070322765372e-06
"2023-10-02 01:23:10+00:00","btc_mxn",457240.0,457240.02,4.374070322765372e-06
"2023-10-02 01:23:11+00:00","btc_mxn",457240.0,457240.02,4.374070322765372e-06
"2023-10-02 01:23:12+00:00","btc_mxn",457240.0,457240.02,4.374070322765372e-06
"2023-10-02 01:23:13+00:00","btc_mxn",457240.0,457240.02,4.374070322765372e-06
"2023-10-02 01:23:14+00:00","btc_mxn",457240.0,457240.02,4.374070322765372e-06
"2023-10-02 01:23:15+00:00","btc_mxn",457240.0,457240.02,4.374070322765372e-06
"2023-10-02 01:23:16+00:00","btc_mxn",457240.0,457240.02,4.374070322765372e-06
"2023-10-02 01:23:17+00:00","btc_mxn",457240.0,457240.02,4.374070322765372e-06
"2023-10-02 01:23:18+00:00","btc_mxn",457240.0,457240.02,4.374070322765372e-06
"2023-10-02 01:23:19+00:00","btc_mxn",457240.0,457240.02,4.374070322765372e-06
"2023-10-02 01:23:20+00:00","btc_mxn",457240.0,457240.02,4.374070322765372e-06
"2023-10-02 01:23:21+00:00","btc_mxn",457240.0,457240.02,4.374070322765372e-06
"2023-10-02 01:23:22+00:00","btc_mxn",457240.0,457240.02,4.374070322765372e-06
"2023-10-02 01:23:23+00:00","btc_mxn",457240.0,457240.02,4.374070322765372e-06
"2023-10-02 01:23:24+00:00","btc_mxn",457240.0,457240.02,4.374070322765372e-06
"2023-10-02 01:23:25+00:00","btc_mxn",457240.0,457240.02,4.374070322765372e-06
"2023-10-02 01:23:26+00:00","btc_mxn",457240.0,457240.02,4.374070322765372e-06
"2023-10-02 01:23:27+00:00","btc_mxn",457240.0,457240.02,4.374070322765372e-06
"2023-10-02 01:23:28+00:00","btc_mxn",457240.0,457240.02,4.374070322765372e-06
"2023-10-02 01:23:29+00:00","btc_mxn",457240.0,457240.02,4.374070322765372e-06
"2023-10-02 01:23:30+00:00","btc_mxn",457240.0,457240.02,4.374070322765372e-06
"2023-10-02 01:23:31+00:00","btc_mxn",457240.0,457240.02,4.374070322765372e-06
"2023-10-02 01:23:32+00:00","btc_mxn",457240.0,457240.02,4.374070322765372e-06
"2023-10-02 01:23:33+00:00","btc_mxn",457240.0,457240.02,4.374070322765372e-06
"2023-10-02 01:23:34+00:00","btc_mxn",457240.0,457240.02,4.374070322765372e-06
"2023-10-02 01:23:35+00:00","btc_mxn",457240.0,457240.02,4.374070322765372e-06
"2023-10-02 01:23:36+00:00","btc_mxn",457240.0,457240.02,4.374070322765372e-06
"2023-10-02 01:23:37+00:00","btc_mxn",457240.0,457240.02,4.374070322765372e-06
"2023-10-02 01:23:38+00:00","btc_mxn",457240.0,457240.02,4.374070322765372e-06
"2023-10-02 01:23:39+00:00","btc_mxn",457240.0,457240.02,4.374070322765372e-06
"2023-10-02 01:23:40+00:00","btc_mxn",457240.0,457240.02,4.374070322765372e-06
"2023-10-02 01:23:41+00:00","btc_mxn",457240.0,457240.02,4.374070322765372e-06
"2023-10-02 01:23:43+00:00","btc_mxn",457240.0,457240.02,4.374070322765372e-06
"2023-10-02 01:23:44+00:00","btc_mxn",457240.0,457240.02,4.374070322765372e-06
"2023-10-02 01:23:45+00:00","btc_mxn",457240.0,457240.02,4.374070322765372e-06
"2023-10-02 01:23:46+00:00","btc_mxn",457240.0,457240.02,4.374070322765372e-06
"2023-10-02 01:23:47+00:00","btc_mxn",457240.0,457240.02,4.374070322765372e-06
"2023-10-02 01:23:48+00:00","btc_mxn",457240.0,457240.02,4.374070322765372e-06
"2023-10-02 01:23:49+00:00","btc_mxn",457240.0,457240.02,4.374070322765372e-06
"2023-10-02 01:23:50+00:00","btc_mxn",457240.0,457240.02,4.374070322765372e-06
"2023-10-02 01:23:51+00:00","btc_mxn",457240.0,457240.02,4.374070322765372e-06
"2023-10-02 01:23:52+00:00","btc_mxn",457240.0,457240.02,4.374070322765372e-06
"2023-10-02 01:23:53+00:00","btc_mxn",457240.0,457240.02,4.374070322765372e-06
"2023-10-02 01:23:54+00:00","btc_mxn",457240.0,457240.02,4.374070322765372e-06
"2023-10-02 01:23:55+00:00","btc_mxn",457240.0,457240.02,4.374070322765372e-06
"2023-10-02 01:23:56+00:00","btc_mxn",457240.0,457240.02,4.374070322765372e-06
"2023-10-02 01:23:57+00:00","btc_mxn",457240.0,457240.02,4.374070322765372e-06
"2023-10-02 01:23:58+00:00","btc_mxn",457240.0,457240.02,4.374070322765372e-06
"2023-10-02 01:23:59+00:00","btc_mxn",457240.0,457240.02,4.374070322765372e-06
"2023-10-02 01:24:00+00:00","btc_mxn",457240.0,457240.02,4.374070322765372e-06
"2023-10-02 01:24:01+00:00","btc_mxn",457240.0,457240.02,4.374070322765372e-06
"2023-10-02 01:24:03+00:00","btc_mxn",457240.0,457240.02,4.374070322765372e-06
"2023-10-02 01:24:04+00:00","btc_mxn",457240.0,457240.02,4.374070322765372e-06
"2023-10-02 01:24:05+00:00","btc_mxn",457240.0,457240.02,4.374070322765372e-06
"2023-10-02 01:24:06+00:00","btc_mxn",457240.0,457240.02,4.374070322765372e-06
"2023-10-02 01:24:07+00:00","btc_mxn",457240.0,457240.02,4.374070322765372e-06
"2023-10-02 01:24:08+00:00","btc_mxn",457240.0,457240.02,4.374070322765372e-06
"2023-10-02 01:24:09+00:00","btc_mxn",457240.0,457240.02,4.374070322765372e-06
"2023-10-02 01:24:10+00:00","btc_mxn",457240.0,457240.02,4.374070322765372e-06
"2023-10-02 01:24:11+00:00","btc_mxn",457240.0,457240.02,4.374070322765372e-06
"2023-10-02 01:24:12+00:00","btc_mxn",457240.0,457240.02,4.374070322765372e-06
"2023-10-02 01:24:13+00:00","btc_mxn",457240.0,457240.02,4.374070322765372e-06
"2023-10-02 01:24:14+00:00","btc_mxn",457240.0,457240.02,4.374070322765372e-06
"2023-10-02 01:24:15+00:00","btc_mxn",457240.0,457240.02,4.374070322765372e-06
"2023-10-02 01:24:16+00:00","btc_mxn",457240.0,457240.02,4.374070322765372e-06
"2023-10-02 01:24:17+00:00","btc_mxn",457240.0,457240.02,4.374070322765372e-06
"2023-10-02 01:24:18+00:00","btc_mxn",457240.0,457240.02,4.374070322765372e-06
"2023-10-02 01:24:20+00:00","btc_mxn",457240.0,457240.02,4.374070322765372e-06
"2023-10-02 01:24:20+00:00","btc_mxn",457240.0,457240.02,4.374070322765372e-06
"2023-10-02 01:24:21+00:00","btc_mxn",457240.0,457240.02,4.374070322765372e-06
"2023-10-02 01:24:22+00:00","btc_mxn",457240.0,457240.02,4.374070322765372e-06
"2023-10-02 01:24:23+00:00","btc_mxn",457240.0,457240.02,4.374070322765372e-06
"2023-10-02 01:24:25+00:00","btc_mxn",457240.0,457240.02,4.374070322765372e-06
"2023-10-02 01:24:26+00:00","btc_mxn",457240.0,457240.02,4.374070322765372e-06
"2023-10-02 01:24:27+00:00","btc_mxn",457240.0,457240.02,4.374070322765372e-06
"2023-10-02 01:24:28+00:00","btc_mxn",457240.0,457240.02,4.374070322765372e-06
"2023-10-02 01:24:29+00:00","btc_mxn",457240.0,457240.02,4.374070322765372e-06
"2023-10-02 01:24:30+00:00","btc_mxn",457240.0,457240.02,4.374070322765372e-06
"2023-10-02 01:24:31+00:00","btc_mxn",457240.0,457240.02,4.374070322765372e-06
"2023-10-02 01:24:32+00:00","btc_mxn",457240.0,457240.02,4.374070322765372e-06
"2023-10-02 01:24:33+00:00","btc_mxn",457240.0,457240.02,4.374070322765372e-06
"2023-10-02 01:24:34+00:00","btc_mxn",457240.0,457240.02,4.374070322765372e-06
"2023-10-02 01:24:35+00:00","btc_mxn",457240.0,457240.02,4.374070322765372e-06
"2023-10-02 01:24:36+00:00","btc_mxn",457240.0,457240.02,4.374070322765372e-06
"2023-10-02 01:24:37+00:00","btc_mxn",457240.0,457240.02,4.374070322765372e-06
"2023-10-02 01:24:38+00:00","btc_mxn",457240.0,457240.02,4.374070322765372e-06
"2023-10-02 01:24:39+00:00","btc_mxn",457240.0,457240.02,4.374070322765372e-06
"2023-10-02 01:24:40+00:00","btc_mxn",457240.0,457240.02,4.374070322765372e-06
"2023-10-02 01:24:41+00:00","btc_mxn",457240.0,457240.02,4.374070322765372e-06
"2023-10-02 01:24:42+00:00","btc_mxn",457240.0,457240.02,4.374070322765372e-06
"2023-10-02 01:24:43+00:00","btc_mxn",457240.0,457240.02,4.374070322765372e-06
"2023-10-02 01:24:44+00:00","btc_mxn",457240.0,457240.02,4.374070322765372e-06
"2023-10-02 01:24:45+00:00","btc_mxn",457240.0,457240.02,4.374070322765372e-06
"2023-10-02 01:24:46+00:00","btc_mxn",457240.0,457240.02,4.374070322765372e-06
"2023-10-02 01:24:47+00:00","btc_mxn",457240.0,457240.02,4.374070322765372e-06
"2023-10-02 01:24:48+00:00","btc_mxn",457240.0,457240.02,4.374070322765372e-06
"2023-10-02 01:24:49+00:00","btc_mxn",457240.0,457240.02,4.374070322765372e-06
"2023-10-02 01:24:50+00:00","btc_mxn",457240.0,457240.02,4.374070322765372e-06
"2023-10-02 01:24:51+00:00","btc_mxn",457240.0,457240.02,4.374070322765372e-06
"2023-10-02 01:24:52+00:00","btc_mxn",457240.0,457240.02,4.374070322765372e-06
"2023-10-02 01:24:53+00:00","btc_mxn",457240.0,457240.02,4.374070322765372e-06
"2023-10-02 01:24:54+00:00","btc_mxn",457240.0,457240.02,4.374070322765372e-06
"2023-10-02 01:24:55+00:00","btc_mxn",457240.0,457240.02,4.374070322765372e-06
"2023-10-02 01:24:56+00:00","btc_mxn",457240.0,457240.02,4.374070322765372e-06
"2023-10-02 01:24:57+00:00","btc_mxn",457240.0,457240.02,4.374070322765372e-06
"2023-10-02 01:24:58+00:00","btc_mxn",457240.0,457240.02,4.374070322765372e-06
"2023-10-02 01:24:59+00:00","btc_mxn",457240.0,457240.02,4.374070322765372e-06
"2023-10-02 01:25:00+00:00","btc_mxn",457240.0,457240.02,4.374070322765372e-06
"2023-10-02 01:25:01+00:00","btc_mxn",457240.0,457240.02,4.374070322765372e-06
"2023-10-02 01:25:02+00:00","btc_mxn",457240.0,457240.02,4.374070322765372e-06
"2023-10-02 01:25:03+00:00","btc_mxn",457240.0,457240.02,4.374070322765372e-06
"2023-10-02 01:25:04+00:00","btc_mxn",457240.0,457240.02,4.374070322765372e-06
"2023-10-02 01:25:05+00:00","btc_mxn",457240.0,457240.02,4.374070322765372e-06
"2023-10-02 01:25:06+00:00","btc_mxn",457240.0,457240.02,4.374070322765372e-06
"2023-10-02 01:25:07+00:00","btc_mxn",457240.0,457240.02,4.374070322765372e-06
"2023-10-02 01:25:09+00:00","btc_mxn",457240.0,457240.02,4.374070322765372e-06
"2023-10-02 01:25:10+00:00","btc_mxn",457240.0,457240.02,4.374070322765372e-06
"2023-10-02 01:25:11+00:00","btc_mxn",457240.0,457240.02,4.374070322765372e-06
"2023-10-02 01:25:12+00:00","btc_mxn",457240.0,457240.02,4.374070322765372e-06
"2023-10-02 01:25:13+00:00","btc_mxn",457240.0,457240.02,4.374070322765372e-06
"2023-10-02 01:25:14+00:00","btc_mxn",457240.0,457240.02,4.374070322765372e-06
"2023-10-02 01:25:15+00:00","btc_mxn",457240.0,457240.02,4.374070322765372e-06
"2023-10-02 01:25:16+00:00","btc_mxn",457240.0,457240.02,4.374070322765372e-06
"2023-10-02 01:25:17+00:00","btc_mxn",457240.0,457240.02,4.374070322765372e-06
"2023-10-02 01:25:18+00:00","btc_mxn",457240.0,457240.02,4.374070322765372e-06
"2023-10-02 01:25:19+00:00","btc_mxn",457240.0,457240.02,4.374070322765372e-06
"2023-10-02 01:25:20+00:00","btc_mxn",457240.0,457240.02,4.374070322765372e-06
"2023-10-02 01:25:21+00:00","btc_mxn",457240.0,457240.02,4.374070322765372e-06
"2023-10-02 01:25:22+00:00","btc_mxn",457240.0,457240.02,4.374070322765372e-06
"2023-10-02 01:25:23+00:00","btc_mxn",457240.0,457240.02,4.374070322765372e-06
"2023-10-02 01:25:24+00:00","btc_mxn",457240.0,457240.02,4.374070322765372e-06
"2023-10-02 01:25:25+00:00","btc_mxn",457240.0,457240.02,4.374070322765372e-06
"2023-10-02 01:25:26+00:00","btc_mxn",457240.0,457240.02,4.374070322765372e-06
"2023-10-02 01:25:27+00:00","btc_mxn",457240.0,457240.02,4.374070322765372e-06
"2023-10-02 01:25:29+00:00","btc_mxn",457240.0,457240.02,4.374070322765372e-06
"2023-10-02 01:25:30+00:00","btc_mxn",457240.0,457240.02,4.374070322765372e-06
"2023-10-02 01:25:31+00:00","btc_mxn",457240.0,457240.02,4.374070322765372e-06
"2023-10-02 01:25:32+00:00","btc_mxn",457240.0,457240.02,4.374070322765372e-06
"2023-10-02 01:25:33+00:00","btc_mxn",457240.0,457240.02,4.374070322765372e-06
"2023-10-02 01:25:34+00:00","btc_mxn",457240.0,457240.02,4.374070322765372e-06
"2023-10-02 01:25:35+00:00","btc_mxn",457240.0,457240.02,4.374070322765372e-06
"2023-10-02 01:25:36+00:00","btc_mxn",457240.0,457240.02,4.374070322765372e-06
"2023-10-02 01:25:37+00:00","btc_mxn",457240.0,457240.02,4.374070322765372e-06
"2023-10-02 01:25:38+00:00","btc_mxn",457240.0,457240.02,4.374070322765372e-06
"2023-10-02 01:25:39+00:00","btc_mxn",457240.0,457240.02,4.374070322765372e-06
"2023-10-02 01:25:40+00:00","btc_mxn",457240.0,457240.02,4.374070322765372e-06
"2023-10-02 01:25:41+00:00","btc_mxn",457240.0,457240.02,4.374070322765372e-06
"2023-10-02 01:25:43+00:00","btc_mxn",457240.0,457240.02,4.374070322765372e-06
"2023-10-02 01:25:44+00:00","btc_mxn",457240.0,457240.02,4.374070322765372e-06
"2023-10-02 01:25:45+00:00","btc_mxn",457240.0,457240.02,4.374070322765372e-06
"2023-10-02 01:25:46+00:00","btc_mxn",457240.0,457240.02,4.374070322765372e-06
"2023-10-02 01:25:47+00:00","btc_mxn",457240.0,457240.02,4.374070322765372e-06
"2023-10-02 01:25:48+00:00","btc_mxn",457240.0,457240.02,4.374070322765372e-06
"2023-10-02 01:25:49+00:00","btc_mxn",457240.0,457240.02,4.374070322765372e-06
"2023-10-02 01:25:50+00:00","btc_mxn",457240.0,457240.02,4.374070322765372e-06
"2023-10-02 01:25:51+00:00","btc_mxn",457240.0,457240.02,4.374070322765372e-06
"2023-10-02 01:25:52+00:00","btc_mxn",457240.0,457240.02,4.374070322765372e-06
"2023-10-02 01:25:53+00:00","btc_mxn",457240.0,457240.02,4.374070322765372e-06
"2023-10-02 01:25:54+00:00","btc_mxn",457240.0,457240.02,4.374070322765372e-06
"2023-10-02 01:25:55+00:00","btc_mxn",457240.0,457240.02,4.374070322765372e-06
"2023-10-02 01:25:56+00:00","btc_mxn",457240.0,457240.02,4.374070322765372e-06
"2023-10-02 01:25:57+00:00","btc_mxn",457240.0,457240.02,4.374070322765372e-06
"2023-10-02 01:25:58+00:00","btc_mxn",457240.0,457240.02,4.374070322765372e-06
"2023-10-02 01:26:00+00:00","btc_mxn",457240.0,457240.02,4.374070322765372e-06
"2023-10-02 01:26:01+00:00","btc_mxn",457240.0,457240.02,4.374070322765372e-06
"2023-10-02 01:26:02+00:00","btc_mxn",457240.0,457240.02,4.374070322765372e-06
"2023-10-02 01:26:03+00:00","btc_mxn",457240.0,457240.02,4.374070322765372e-06
"2023-10-02 01:26:04+00:00","btc_mxn",457240.0,457240.02,4.374070322765372e-06
"2023-10-02 01:26:05+00:00","btc_mxn",457240.0,457240.02,4.374070322765372e-06
"2023-10-02 01:26:06+00:00","btc_mxn",457240.0,457240.02,4.374070322765372e-06
"2023-10-02 01:26:07+00:00","btc_mxn",457240.0,457240.02,4.374070322765372e-06
"2023-10-02 01:26:08+00:00","btc_mxn",457240.0,457240.02,4.374070322765372e-06
"2023-10-02 01:26:09+00:00","btc_mxn",457240.0,457240.02,4.374070322765372e-06
"2023-10-02 01:26:10+00:00","btc_mxn",457240.0,457240.02,4.374070322765372e-06
"2023-10-02 01:26:11+00:00","btc_mxn",457240.0,457240.02,4.374070322765372e-06
"2023-10-02 01:26:12+00:00","btc_mxn",457240.0,457240.02,4.374070322765372e-06
"2023-10-02 01:26:14+00:00","btc_mxn",457240.0,457240.02,4.374070322765372e-06
"2023-10-02 01:26:15+00:00","btc_mxn",457240.0,457240.02,4.374070322765372e-06
"2023-10-02 01:26:16+00:00","btc_mxn",457240.0,457240.02,4.374070322765372e-06
"2023-10-02 01:26:17+00:00","btc_mxn",457240.0,457240.02,4.374070322765372e-06
"2023-10-02 01:26:18+00:00","btc_mxn",457240.0,457240.02,4.374070322765372e-06
"2023-10-02 01:26:19+00:00","btc_mxn",457240.0,457240.02,4.374070322765372e-06
"2023-10-02 01:26:20+00:00","btc_mxn",457240.0,457240.02,4.374070322765372e-06
"2023-10-02 01:26:22+00:00","btc_mxn",457240.0,457240.02,4.374070322765372e-06
"2023-10-02 01:26:23+00:00","btc_mxn",457240.0,457240.02,4.374070322765372e-06
"2023-10-02 01:26:24+00:00","btc_mxn",457240.0,457240.02,4.374070322765372e-06
"2023-10-02 01:26:25+00:00","btc_mxn",457240.0,457240.02,4.374070322765372e-06
"2023-10-02 01:26:26+00:00","btc_mxn",457240.0,457240.02,4.374070322765372e-06
"2023-10-02 01:26:27+00:00","btc_mxn",457240.0,457240.02,4.374070322765372e-06
"2023-10-02 01:26:28+00:00","btc_mxn",457240.0,457240.02,4.374070322765372e-06
"2023-10-02 01:26:29+00:00","btc_mxn",457240.0,457240.02,4.374070322765372e-06
"2023-10-02 01:26:30+00:00","btc_mxn",457240.0,457240.02,4.374070322765372e-06
"2023-10-02 01:26:31+00:00","btc_mxn",457240.0,457240.02,4.374070322765372e-06
"2023-10-02 01:26:32+00:00","btc_mxn",457240.0,457240.02,4.374070322765372e-06
"2023-10-02 01:26:33+00:00","btc_mxn",457240.0,457240.02,4.374070322765372e-06
"2023-10-02 01:26:34+00:00","btc_mxn",457240.0,457240.02,4.374070322765372e-06
"2023-10-02 01:26:36+00:00","btc_mxn",457240.0,457240.02,4.374070322765372e-06
"2023-10-02 01:26:37+00:00","btc_mxn",457240.0,457240.02,4.374070322765372e-06
"2023-10-02 01:26:38+00:00","btc_mxn",457240.0,457240.02,4.374070322765372e-06
"2023-10-02 01:26:39+00:00","btc_mxn",457240.0,457240.02,4.374070322765372e-06
"2023-10-02 01:26:40+00:00","btc_mxn",457240.0,457240.02,4.374070322765372e-06
"2023-10-02 01:26:41+00:00","btc_mxn",457240.0,457240.02,4.374070322765372e-06
"2023-10-02 01:26:42+00:00","btc_mxn",457240.0,457240.02,4.374070322765372e-06
"2023-10-02 01:26:43+00:00","btc_mxn",457240.0,457240.02,4.374070322765372e-06
"2023-10-02 01:26:44+00:00","btc_mxn",457240.0,457240.02,4.374070322765372e-06
"2023-10-02 01:26:45+00:00","btc_mxn",457240.0,457240.02,4.374070322765372e-06
"2023-10-02 01:26:46+00:00","btc_mxn",457240.0,457240.02,4.374070322765372e-06
"2023-10-02 01:26:47+00:00","btc_mxn",457240.0,457240.02,4.374070322765372e-06
"2023-10-02 01:26:48+00:00","btc_mxn",457240.0,457240.02,4.374070322765372e-06
"2023-10-02 01:26:49+00:00","btc_mxn",457240.0,457240.02,4.374070322765372e-06
"2023-10-02 01:26:50+00:00","btc_mxn",457240.0,457240.02,4.374070322765372e-06
"2023-10-02 01:26:51+00:00","btc_mxn",457240.0,457240.02,4.374070322765372e-06
"2023-10-02 01:26:52+00:00","btc_mxn",457240.0,457240.02,4.374070322765372e-06
"2023-10-02 01:26:53+00:00","btc_mxn",457240.0,457240.02,4.374070322765372e-06
"2023-10-02 01:26:54+00:00","btc_mxn",457240.0,457240.02,4.374070322765372e-06
"2023-10-02 01:26:55+00:00","btc_mxn",457240.0,457240.02,4.374070322765372e-06
"2023-10-02 01:26:56+00:00","btc_mxn",457240.0,457240.02,4.374070322765372e-06
"2023-10-02 01:26:57+00:00","btc_mxn",457240.0,457240.02,4.374070322765372e-06
"2023-10-02 01:26:58+00:00","btc_mxn",457240.0,457240.02,4.374070322765372e-06
"2023-10-02 01:26:59+00:00","btc_mxn",457240.0,457240.02,4.374070322765372e-06
"2023-10-02 01:27:00+00:00","btc_mxn",457240.0,457240.02,4.374070322765372e-06
"2023-10-02 01:27:01+00:00","btc_mxn",457240.0,457240.02,4.374070322765372e-06
"2023-10-02 01:27:02+00:00","btc_mxn",457240.0,457240.02,4.374070322765372e-06
"2023-10-02 01:27:03+00:00","btc_mxn",457240.0,457240.02,4.374070322765372e-06
"2023-10-02 01:27:04+00:00","btc_mxn",457240.0,457240.02,4.374070322765372e-06
"2023-10-02 01:27:05+00:00","btc_mxn",457240.0,457240.02,4.374070322765372e-06
"2023-10-02 01:27:06+00:00","btc_mxn",457240.0,457240.02,4.374070322765372e-06
"2023-10-02 01:27:07+00:00","btc_mxn",457240.0,457240.02,4.374070322765372e-06
"2023-10-02 01:27:09+00:00","btc_mxn",457240.0,457240.02,4.374070322765372e-06
"2023-10-02 01:27:10+00:00","btc_mxn",457240.0,457240.02,4.374070322765372e-06
"2023-10-02 01:27:11+00:00","btc_mxn",457240.0,457240.02,4.374070322765372e-06
"2023-10-02 01:27:12+00:00","btc_mxn",457240.0,457240.02,4.374070322765372e-06
"2023-10-02 01:27:13+00:00","btc_mxn",457240.0,457240.02,4.374070322765372e-06
"2023-10-02 01:27:14+00:00","btc_mxn",457240.0,457240.02,4.374070322765372e-06
"2023-10-02 01:27:15+00:00","btc_mxn",457240.0,457240.02,4.374070322765372e-06
"2023-10-02 01:27:16+00:00","btc_mxn",457240.0,457240.02,4.374070322765372e-06
"2023-10-02 01:27:17+00:00","btc_mxn",457240.0,457240.02,4.374070322765372e-06
"2023-10-02 01:27:18+00:00","btc_mxn",457240.0,457240.02,4.374070322765372e-06
"2023-10-02 01:27:19+00:00","btc_mxn",457240.0,457240.02,4.374070322765372e-06
"2023-10-02 01:27:20+00:00","btc_mxn",457240.0,457240.02,4.374070322765372e-06
"2023-10-02 01:27:21+00:00","btc_mxn",457240.0,457240.02,4.374070322765372e-06
"2023-10-02 01:27:22+00:00","btc_mxn",457240.0,457240.02,4.374070322765372e-06
"2023-10-02 01:27:23+00:00","btc_mxn",457240.0,457240.02,4.374070322765372e-06
"2023-10-02 01:27:24+00:00","btc_mxn",457240.0,457240.02,4.374070322765372e-06
"2023-10-02 01:27:26+00:00","btc_mxn",457240.0,457240.02,4.374070322765372e-06
"2023-10-02 01:27:27+00:00","btc_mxn",457240.0,457240.02,4.374070322765372e-06
"2023-10-02 01:27:28+00:00","btc_mxn",457240.0,457240.02,4.374070322765372e-06
"2023-10-02 01:27:29+00:00","btc_mxn",457240.0,457240.02,4.374070322765372e-06
"2023-10-02 01:27:30+00:00","btc_mxn",457240.0,457240.02,4.374070322765372e-06
"2023-10-02 01:27:31+00:00","btc_mxn",457240.0,457240.02,4.374070322765372e-06
"2023-10-02 01:27:32+00:00","btc_mxn",457240.0,457240.02,4.374070322765372e-06
"2023-10-02 01:27:33+00:00","btc_mxn",457240.0,457240.02,4.374070322765372e-06
"2023-10-02 01:27:34+00:00","btc_mxn",457240.0,457240.02,4.374070322765372e-06
"2023-10-02 01:27:35+00:00","btc_mxn",457240.0,457240.02,4.374070322765372e-06
"2023-10-02 01:27:36+00:00","btc_mxn",457240.0,457240.02,4.374070322765372e-06
"2023-10-02 01:27:37+00:00","btc_mxn",457240.0,457240.02,4.374070322765372e-06
"2023-10-02 01:27:38+00:00","btc_mxn",457240.0,457240.02,4.374070322765372e-06
"2023-10-02 01:27:39+00:00","btc_mxn",457240.0,457240.02,4.374070322765372e-06
"2023-10-02 01:27:40+00:00","btc_mxn",457240.0,457240.02,4.374070322765372e-06
"2023-10-02 01:27:41+00:00","btc_mxn",457240.0,457240.02,4.374070322765372e-06
"2023-10-02 01:27:43+00:00","btc_mxn",457240.0,457240.02,4.374070322765372e-06
"2023-10-02 01:27:44+00:00","btc_mxn",457240.0,457240.02,4.374070322765372e-06
"2023-10-02 01:27:45+00:00","btc_mxn",457240.0,457240.02,4.374070322765372e-06
"2023-10-02 01:27:46+00:00","btc_mxn",457240.0,457240.02,4.374070322765372e-06
"2023-10-02 01:27:47+00:00","btc_mxn",457240.0,457240.02,4.374070322765372e-06
"2023-10-02 01:27:48+00:00","btc_mxn",457240.0,457240.02,4.374070322765372e-06
"2023-10-02 01:27:49+00:00","btc_mxn",457240.0,457240.02,4.374070322765372e-06
"2023-10-02 01:27:50+00:00","btc_mxn",457240.0,457240.02,4.374070322765372e-06
"2023-10-02 01:27:51+00:00","btc_mxn",457240.0,457240.02,4.374070322765372e-06
"2023-10-02 01:27:52+00:00","btc_mxn",457240.0,457240.02,4.374070322765372e-06
"2023-10-02 01:27:53+00:00","btc_mxn",457240.0,457240.02,4.374070322765372e-06
"2023-10-02 01:27:54+00:00","btc_mxn",457240.0,457240.02,4.374070322765372e-06
"2023-10-02 01:27:55+00:00","btc_mxn",457240.0,457240.02,4.374070322765372e-06
"2023-10-02 01:27:56+00:00","btc_mxn",457240.0,457240.02,4.374070322765372e-06
"2023-10-02 01:27:57+00:00","btc_mxn",457240.0,457240.02,4.374070322765372e-06
"2023-10-02 01:27:58+00:00","btc_mxn",457240.0,457240.02,4.374070322765372e-06
"2023-10-02 01:27:59+00:00","btc_mxn",457240.0,457240.02,4.374070322765372e-06
"2023-10-02 01:28:01+00:00","btc_mxn",457240.0,457240.02,4.374070322765372e-06
"2023-10-02 01:28:02+00:00","btc_mxn",457240.0,457240.02,4.374070322765372e-06
"2023-10-02 01:28:03+00:00","btc_mxn",457240.0,457240.02,4.374070322765372e-06
"2023-10-02 01:28:04+00:00","btc_mxn",457240.0,457240.02,4.374070322765372e-06
"2023-10-02 01:28:05+00:00","btc_mxn",457240.0,457240.02,4.374070322765372e-06
"2023-10-02 01:28:06+00:00","btc_mxn",457240.0,457240.02,4.374070322765372e-06
"2023-10-02 01:28:07+00:00","btc_mxn",457240.0,457240.02,4.374070322765372e-06
"2023-10-02 01:28:08+00:00","btc_mxn",457240.0,457240.02,4.374070322765372e-06
"2023-10-02 01:28:09+00:00","btc_mxn",457240.0,457240.02,4.374070322765372e-06
"2023-10-02 01:28:10+00:00","btc_mxn",457240.0,457240.02,4.374070322765372e-06
"2023-10-02 01:28:11+00:00","btc_mxn",457240.0,457240.02,4.374070322765372e-06
"2023-10-02 01:28:12+00:00","btc_mxn",457240.0,457240.02,4.374070322765372e-06
"2023-10-02 01:28:13+00:00","btc_mxn",457240.0,457240.02,4.374070322765372e-06
"2023-10-02 01:28:14+00:00","btc_mxn",457240.0,457240.02,4.374070322765372e-06
"2023-10-02 01:28:15+00:00","btc_mxn",457240.0,457240.02,4.374070322765372e-06
"2023-10-02 01:28:16+00:00","btc_mxn",457240.0,457240.02,4.374070322765372e-06
"2023-10-02 01:28:17+00:00","btc_mxn",457240.0,457240.02,4.374070322765372e-06
"2023-10-02 01:28:18+00:00","btc_mxn",457240.0,457240.02,4.374070322765372e-06
"2023-10-02 01:28:19+00:00","btc_mxn",457240.0,457240.02,4.374070322765372e-06
"2023-10-02 01:28:20+00:00","btc_mxn",457240.0,457240.02,4.374070322765372e-06
"2023-10-02 01:28:21+00:00","btc_mxn",457240.0,457240.02,4.374070322765372e-06
"2023-10-02 01:28:22+00:00","btc_mxn",457240.0,457240.02,4.374070322765372e-06
"2023-10-02 01:28:23+00:00","btc_mxn",457240.0,457240.02,4.374070322765372e-06
"2023-10-02 01:28:25+00:00","btc_mxn",457240.0,457240.02,4.374070322765372e-06
"2023-10-02 01:28:26+00:00","btc_mxn",457240.0,457240.02,4.374070322765372e-06
"2023-10-02 01:28:27+00:00","btc_mxn",457240.0,457240.02,4.374070322765372e-06
"2023-10-02 01:28:28+00:00","btc_mxn",457240.0,457240.02,4.374070322765372e-06
"2023-10-02 01:28:29+00:00","btc_mxn",457240.0,457240.02,4.374070322765372e-06
"2023-10-02 01:28:30+00:00","btc_mxn",457240.0,457240.02,4.374070322765372e-06
"2023-10-02 01:28:31+00:00","btc_mxn",457240.0,457240.02,4.374070322765372e-06
"2023-10-02 01:28:32+00:00","btc_mxn",457240.0,457240.02,4.374070322765372e-06
"2023-10-02 01:28:33+00:00","btc_mxn",457240.0,457240.02,4.374070322765372e-06
"2023-10-02 01:28:34+00:00","btc_mxn",457240.0,457240.02,4.374070322765372e-06
"2023-10-02 01:28:35+00:00","btc_mxn",457240.0,457240.02,4.374070322765372e-06
"2023-10-02 01:28:36+00:00","btc_mxn",457240.0,457240.02,4.374070322765372e-06
"2023-10-02 01:28:37+00:00","btc_mxn",457240.0,457240.02,4.374070322765372e-06
"2023-10-02 01:28:38+00:00","btc_mxn",457240.0,457240.02,4.374070322765372e-06
"2023-10-02 01:28:39+00:00","btc_mxn",457240.0,457240.02,4.374070322765372e-06
"2023-10-02 01:28:41+00:00","btc_mxn",457240.0,457240.02,4.374070322765372e-06
"2023-10-02 01:28:42+00:00","btc_mxn",457240.0,457240.02,4.374070322765372e-06
"2023-10-02 01:28:43+00:00","btc_mxn",457240.0,457240.02,4.374070322765372e-06
"2023-10-02 01:28:44+00:00","btc_mxn",457240.0,457240.02,4.374070322765372e-06
"2023-10-02 01:28:45+00:00","btc_mxn",457240.0,457240.02,4.374070322765372e-06
"2023-10-02 01:28:46+00:00","btc_mxn",457240.0,457240.02,4.374070322765372e-06
"2023-10-02 01:28:47+00:00","btc_mxn",457240.0,457240.02,4.374070322765372e-06
"2023-10-02 01:28:48+00:00","btc_mxn",457240.0,457240.02,4.374070322765372e-06
"2023-10-02 01:28:49+00:00","btc_mxn",457240.0,457240.02,4.374070322765372e-06
"2023-10-02 01:28:50+00:00","btc_mxn",457240.0,457240.02,4.374070322765372e-06
"2023-10-02 01:28:51+00:00","btc_mxn",457240.0,457240.02,4.374070322765372e-06
"2023-10-02 01:28:52+00:00","btc_mxn",457240.0,457240.02,4.374070322765372e-06
"2023-10-02 01:28:54+00:00","btc_mxn",457240.0,457240.02,4.374070322765372e-06
"2023-10-02 01:28:55+00:00","btc_mxn",457240.0,457240.02,4.374070322765372e-06
"2023-10-02 01:28:56+00:00","btc_mxn",457240.0,457240.02,4.374070322765372e-06
"2023-10-02 01:28:57+00:00","btc_mxn",457240.0,457240.02,4.374070322765372e-06
"2023-10-02 01:28:58+00:00","btc_mxn",457240.0,457240.02,4.374070322765372e-06
"2023-10-02 01:28:59+00:00","btc_mxn",457240.0,457240.02,4.374070322765372e-06
"2023-10-02 01:29:00+00:00","btc_mxn",457240.0,457240.02,4.374070322765372e-06
"2023-10-02 01:29:01+00:00","btc_mxn",457240.0,457240.02,4.374070322765372e-06
"2023-10-02 01:29:02+00:00","btc_mxn",457240.0,457240.02,4.374070322765372e-06
"2023-10-02 01:29:03+00:00","btc_mxn",457240.0,457240.02,4.374070322765372e-06
"2023-10-02 01:29:04+00:00","btc_mxn",457240.0,457240.02,4.374070322765372e-06
"2023-10-02 01:29:06+00:00","btc_mxn",457240.0,457240.02,4.374070322765372e-06
"2023-10-02 01:29:07+00:00","btc_mxn",457240.0,457240.02,4.374070322765372e-06
"2023-10-02 01:29:08+00:00","btc_mxn",457240.0,457240.02,4.374070322765372e-06
"2023-10-02 01:29:09+00:00","btc_mxn",457240.0,457240.02,4.374070322765372e-06
"2023-10-02 01:29:10+00:00","btc_mxn",457240.0,457240.02,4.374070322765372e-06
"2023-10-02 01:29:11+00:00","btc_mxn",457240.0,457240.02,4.374070322765372e-06
"2023-10-02 01:29:12+00:00","btc_mxn",457240.0,457240.02,4.374070322765372e-06
"2023-10-02 01:29:13+00:00","btc_mxn",457240.0,457240.02,4.374070322765372e-06
"2023-10-02 01:29:14+00:00","btc_mxn",457240.0,457240.02,4.374070322765372e-06
"2023-10-02 01:29:15+00:00","btc_mxn",457240.0,457240.02,4.374070322765372e-06
"2023-10-02 01:29:16+00:00","btc_mxn",457240.0,457240.02,4.374070322765372e-06
"2023-10-02 01:29:17+00:00","btc_mxn",457240.0,457240.02,4.374070322765372e-06
"2023-10-02 01:29:19+00:00","btc_mxn",457240.0,457240.02,4.374070322765372e-06
"2023-10-02 01:29:20+00:00","btc_mxn",457240.0,457240.02,4.374070322765372e-06
"2023-10-02 01:29:21+00:00","btc_mxn",457240.0,457240.02,4.374070322765372e-06
"2023-10-02 01:29:22+00:00","btc_mxn",457240.0,457240.02,4.374070322765372e-06
"2023-10-02 01:29:23+00:00","btc_mxn",457240.0,457240.02,4.374070322765372e-06
"2023-10-02 01:29:24+00:00","btc_mxn",457240.0,457240.02,4.374070322765372e-06
"2023-10-02 01:29:25+00:00","btc_mxn",457240.0,457240.02,4.374070322765372e-06
"2023-10-02 01:29:26+00:00","btc_mxn",457240.0,457240.02,4.374070322765372e-06
"2023-10-02 01:29:27+00:00","btc_mxn",457240.0,457240.02,4.374070322765372e-06
"2023-10-02 01:29:28+00:00","btc_mxn",457240.0,457240.02,4.374070322765372e-06
"2023-10-02 01:29:29+00:00","btc_mxn",457240.0,457240.02,4.374070322765372e-06
"2023-10-02 01:29:30+00:00","btc_mxn",457240.0,457240.02,4.374070322765372e-06
"2023-10-02 01:29:31+00:00","btc_mxn",457240.0,457240.02,4.374070322765372e-06
"2023-10-02 01:29:32+00:00","btc_mxn",457240.0,457240.02,4.374070322765372e-06
"2023-10-02 01:29:33+00:00","btc_mxn",457240.0,457240.02,4.374070322765372e-06
"2023-10-02 01:29:34+00:00","btc_mxn",457240.0,457240.02,4.374070322765372e-06
"2023-10-02 01:29:35+00:00","btc_mxn",457240.0,457240.02,4.374070322765372e-06
"2023-10-02 01:29:37+00:00","btc_mxn",457240.0,457240.02,4.374070322765372e-06
"2023-10-02 01:29:38+00:00","btc_mxn",457240.0,457240.02,4.374070322765372e-06
"2023-10-02 01:29:39+00:00","btc_mxn",457240.0,457240.02,4.374070322765372e-06
"2023-10-02 01:29:40+00:00","btc_mxn",457240.0,457240.02,4.374070322765372e-06
"2023-10-02 01:29:41+00:00","btc_mxn",457240.0,457240.02,4.374070322765372e-06
"2023-10-02 01:29:42+00:00","btc_mxn",457240.0,457240.02,4.374070322765372e-06
"2023-10-02 01:29:43+00:00","btc_mxn",457240.0,457240.02,4.374070322765372e-06
"2023-10-02 01:29:44+00:00","btc_mxn",457240.0,457240.02,4.374070322765372e-06
"2023-10-02 01:29:45+00:00","btc_mxn",457240.0,457240.02,4.374070322765372e-06
"2023-10-02 01:29:46+00:00","btc_mxn",457240.0,457240.02,4.374070322765372e-06
"2023-10-02 01:29:47+00:00","btc_mxn",457240.0,457240.02,4.374070322765372e-06
"2023-10-02 01:29:48+00:00","btc_mxn",457240.0,457240.02,4.374070322765372e-06
"2023-10-02 01:29:49+00:00","btc_mxn",457240.0,457240.02,4.374070322765372e-06
"2023-10-02 01:29:50+00:00","btc_mxn",457240.0,457240.02,4.374070322765372e-06
"2023-10-02 01:29:51+00:00","btc_mxn",457240.0,457240.02,4.374070322765372e-06
"2023-10-02 01:29:52+00:00","btc_mxn",457240.0,457240.02,4.374070322765372e-06
"2023-10-02 01:29:53+00:00","btc_mxn",457240.0,457240.02,4.374070322765372e-06
"2023-10-02 01:29:54+00:00","btc_mxn",457240.0,457240.02,4.374070322765372e-06
"2023-10-02 01:29:55+00:00","btc_mxn",457240.0,457240.02,4.374070322765372e-06
"2023-10-02 01:29:56+00:00","btc_mxn",457240.0,457240.02,4.374070322765372e-06
"2023-10-02 01:29:57+00:00","btc_mxn",457240.0,457240.02,4.374070322765372e-06
"2023-10-02 01:29:58+00:00","btc_mxn",457240.0,457240.02,4.374070322765372e-06
"2023-10-02 01:29:59+00:00","btc_mxn",457240.0,457240.02,4.374070322765372e-06
"2023-10-02 01:30:00+00:00","btc_mxn",457240.0,457240.02,4.374070322765372e-06
"2023-10-02 01:30:01+00:00","btc_mxn",457240.0,457240.02,4.374070322765372e-06
"2023-10-02 01:30:02+00:00","btc_mxn",457240.0,457240.02,4.374070322765372e-06
"2023-10-02 01:30:03+00:00","btc_mxn",457240.0,457240.02,4.374070322765372e-06
"2023-10-02 01:30:04+00:00","btc_mxn",457240.0,457240.02,4.374070322765372e-06
"2023-10-02 01:30:05+00:00","btc_mxn",457240.0,457240.02,4.374070322765372e-06
"2023-10-02 01:30:06+00:00","btc_mxn",457240.0,457240.02,4.374070322765372e-06
"2023-10-02 01:30:07+00:00","btc_mxn",457240.0,457240.02,4.374070322765372e-06
"2023-10-02 01:30:08+00:00","btc_mxn",457240.0,457240.02,4.374070322765372e-06
"2023-10-02 01:30:09+00:00","btc_mxn",457240.0,457240.02,4.374070322765372e-06
"2023-10-02 01:30:10+00:00","btc_mxn",457240.0,457240.02,4.374070322765372e-06
"2023-10-02 01:30:11+00:00","btc_mxn",457240.0,457240.02,4.374070322765372e-06
"2023-10-02 01:30:12+00:00","btc_mxn",457240.0,457240.02,4.374070322765372e-06
"2023-10-02 01:30:13+00:00","btc_mxn",457240.0,457240.02,4.374070322765372e-06
"2023-10-02 01:30:14+00:00","btc_mxn",457240.0,457240.02,4.374070322765372e-06
"2023-10-02 01:30:15+00:00","btc_mxn",457240.0,457240.02,4.374070322765372e-06
"2023-10-02 01:30:16+00:00","btc_mxn",457240.0,457240.02,4.374070322765372e-06
"2023-10-02 01:30:17+00:00","btc_mxn",457240.0,457240.02,4.374070322765372e-06
"2023-10-02 01:30:18+00:00","btc_mxn",457240.0,457240.02,4.374070322765372e-06
"2023-10-02 01:30:19+00:00","btc_mxn",457240.0,457240.02,4.374070322765372e-06
"2023-10-02 01:30:21+00:00","btc_mxn",457240.0,457240.02,4.374070322765372e-06
"2023-10-02 01:30:22+00:00","btc_mxn",457240.0,457240.02,4.374070322765372e-06
"2023-10-02 01:30:23+00:00","btc_mxn",457240.0,457240.02,4.374070322765372e-06
"2023-10-02 01:30:24+00:00","btc_mxn",457240.0,457240.02,4.374070322765372e-06
"2023-10-02 01:30:25+00:00","btc_mxn",457240.0,457240.02,4.374070322765372e-06
"2023-10-02 01:30:26+00:00","btc_mxn",457240.0,457240.02,4.374070322765372e-06
"2023-10-02 01:30:27+00:00","btc_mxn",457240.0,457240.02,4.374070322765372e-06
"2023-10-02 01:30:28+00:00","btc_mxn",457240.0,457240.02,4.374070322765372e-06
"2023-10-02 01:30:29+00:00","btc_mxn",457240.0,457240.02,4.374070322765372e-06
"2023-10-02 01:30:30+00:00","btc_mxn",457240.0,457240.02,4.374070322765372e-06
"2023-10-02 01:30:31+00:00","btc_mxn",457240.0,457240.02,4.374070322765372e-06
"2023-10-02 01:30:32+00:00","btc_mxn",457240.0,457240.02,4.374070322765372e-06
"2023-10-02 01:30:33+00:00","btc_mxn",457240.0,457240.02,4.374070322765372e-06
"2023-10-02 01:30:34+00:00","btc_mxn",457240.0,457240.02,4.374070322765372e-06
"2023-10-02 01:30:35+00:00","btc_mxn",457240.0,457240.02,4.374070322765372e-06
"2023-10-02 01:30:36+00:00","btc_mxn",457240.0,457240.02,4.374070322765372e-06
"2023-10-02 01:30:37+00:00","btc_mxn",457240.0,457240.02,4.374070322765372e-06
"2023-10-02 01:30:38+00:00","btc_mxn",457240.0,457240.02,4.374070322765372e-06
"2023-10-02 01:30:39+00:00","btc_mxn",457240.0,457240.02,4.374070322765372e-06
"2023-10-02 01:30:40+00:00","btc_mxn",457240.0,457240.02,4.374070322765372e-06
"2023-10-02 01:30:41+00:00","btc_mxn",457240.0,457240.02,4.374070322765372e-06
"2023-10-02 01:30:42+00:00","btc_mxn",457240.0,457240.02,4.374070322765372e-06
"2023-10-02 01:30:43+00:00","btc_mxn",457240.0,457240.02,4.374070322765372e-06
"2023-10-02 01:30:44+00:00","btc_mxn",457240.0,457240.02,4.374070322765372e-06
"2023-10-02 01:30:46+00:00","btc_mxn",457240.0,457240.02,4.374070322765372e-06
"2023-10-02 01:30:47+00:00","btc_mxn",457240.0,457240.02,4.374070322765372e-06
"2023-10-02 01:30:48+00:00","btc_mxn",457240.0,457240.02,4.374070322765372e-06
"2023-10-02 01:30:49+00:00","btc_mxn",457240.0,457240.02,4.374070322765372e-06
"2023-10-02 01:30:50+00:00","btc_mxn",457240.0,457240.02,4.374070322765372e-06
"2023-10-02 01:30:51+00:00","btc_mxn",457240.0,457240.02,4.374070322765372e-06
"2023-10-02 01:30:52+00:00","btc_mxn",457240.0,457240.02,4.374070322765372e-06
"2023-10-02 01:30:53+00:00","btc_mxn",457240.0,457240.02,4.374070322765372e-06
"2023-10-02 01:30:54+00:00","btc_mxn",457240.0,457240.02,4.374070322765372e-06
"2023-10-02 01:30:55+00:00","btc_mxn",457240.0,457240.02,4.374070322765372e-06
"2023-10-02 01:30:56+00:00","btc_mxn",457240.0,457240.02,4.374070322765372e-06
"2023-10-02 01:30:57+00:00","btc_mxn",457240.0,457240.02,4.374070322765372e-06
"2023-10-02 01:30:58+00:00","btc_mxn",457240.0,457240.02,4.374070322765372e-06
"2023-10-02 01:30:59+00:00","btc_mxn",457240.0,457240.02,4.374070322765372e-06
"2023-10-02 01:31:01+00:00","btc_mxn",457240.0,457240.02,4.374070322765372e-06
"2023-10-02 01:31:02+00:00","btc_mxn",457240.0,457240.02,4.374070322765372e-06
"2023-10-02 01:31:03+00:00","btc_mxn",457240.0,457240.02,4.374070322765372e-06
"2023-10-02 01:31:04+00:00","btc_mxn",457240.0,457240.02,4.374070322765372e-06
"2023-10-02 01:31:05+00:00","btc_mxn",457240.0,457240.02,4.374070322765372e-06
"2023-10-02 01:31:06+00:00","btc_mxn",457240.0,457240.02,4.374070322765372e-06
"2023-10-02 01:31:07+00:00","btc_mxn",457240.0,457240.02,4.374070322765372e-06
"2023-10-02 01:31:08+00:00","btc_mxn",457240.0,457240.02,4.374070322765372e-06
"2023-10-02 01:31:09+00:00","btc_mxn",457240.0,457240.02,4.374070322765372e-06
"2023-10-02 01:31:11+00:00","btc_mxn",457240.0,457240.02,4.374070322765372e-06
"2023-10-02 01:31:12+00:00","btc_mxn",457240.0,457240.02,4.374070322765372e-06
"2023-10-02 01:31:13+00:00","btc_mxn",457240.0,457240.02,4.374070322765372e-06
"2023-10-02 01:31:14+00:00","btc_mxn",457240.0,457240.02,4.374070322765372e-06
"2023-10-02 01:31:15+00:00","btc_mxn",457240.0,457240.02,4.374070322765372e-06
"2023-10-02 01:31:16+00:00","btc_mxn",457240.0,457240.02,4.374070322765372e-06
"2023-10-02 01:31:17+00:00","btc_mxn",457240.0,457240.02,4.374070322765372e-06
"2023-10-02 01:31:18+00:00","btc_mxn",457240.0,457240.02,4.374070322765372e-06
"2023-10-02 01:31:19+00:00","btc_mxn",457240.0,457240.02,4.374070322765372e-06
"2023-10-02 01:31:20+00:00","btc_mxn",457240.0,457240.02,4.374070322765372e-06
"2023-10-02 01:31:21+00:00","btc_mxn",457240.0,457240.02,4.374070322765372e-06
"2023-10-02 01:31:22+00:00","btc_mxn",457240.0,457240.02,4.374070322765372e-06
"2023-10-02 01:31:23+00:00","btc_mxn",457240.0,457240.02,4.374070322765372e-06
"2023-10-02 01:31:24+00:00","btc_mxn",457240.0,457240.02,4.374070322765372e-06
"2023-10-02 01:31:25+00:00","btc_mxn",457240.0,457240.02,4.374070322765372e-06
"2023-10-02 01:31:26+00:00","btc_mxn",457240.0,457240.02,4.374070322765372e-06
"2023-10-02 01:31:27+00:00","btc_mxn",457240.0,457240.02,4.374070322765372e-06
"2023-10-02 01:31:28+00:00","btc_mxn",457240.0,457240.02,4.374070322765372e-06
"2023-10-02 01:31:30+00:00","btc_mxn",457240.0,457240.02,4.374070322765372e-06
"2023-10-02 01:31:31+00:00","btc_mxn",457240.0,457240.02,4.374070322765372e-06
"2023-10-02 01:31:32+00:00","btc_mxn",457240.0,457240.02,4.374070322765372e-06
"2023-10-02 01:31:33+00:00","btc_mxn",457240.0,457240.02,4.374070322765372e-06
"2023-10-02 01:31:34+00:00","btc_mxn",457240.0,457240.02,4.374070322765372e-06
"2023-10-02 01:31:35+00:00","btc_mxn",457240.0,457240.02,4.374070322765372e-06
"2023-10-02 01:31:36+00:00","btc_mxn",457240.0,457240.02,4.374070322765372e-06
"2023-10-02 01:31:37+00:00","btc_mxn",457240.0,457240.02,4.374070322765372e-06
"2023-10-02 01:31:38+00:00","btc_mxn",457240.0,457240.02,4.374070322765372e-06
"2023-10-02 01:31:39+00:00","btc_mxn",457240.0,457240.02,4.374070322765372e-06
"2023-10-02 01:31:40+00:00","btc_mxn",457240.0,457240.02,4.374070322765372e-06
"2023-10-02 01:31:41+00:00","btc_mxn",457240.0,457240.02,4.374070322765372e-06
"2023-10-02 01:31:42+00:00","btc_mxn",457240.0,457240.02,4.374070322765372e-06
"2023-10-02 01:31:43+00:00","btc_mxn",457240.0,457240.02,4.374070322765372e-06
"2023-10-02 01:31:44+00:00","btc_mxn",457240.0,457240.02,4.374070322765372e-06
"2023-10-02 01:31:45+00:00","btc_mxn",457240.0,457240.02,4.374070322765372e-06
"2023-10-02 01:31:46+00:00","btc_mxn",457240.0,457240.02,4.374070322765372e-06
"2023-10-02 01:31:47+00:00","btc_mxn",457240.0,457240.02,4.374070322765372e-06
"2023-10-02 01:31:49+00:00","btc_mxn",457240.0,457240.02,4.374070322765372e-06
"2023-10-02 01:31:50+00:00","btc_mxn",457240.0,457240.02,4.374070322765372e-06
"2023-10-02 01:31:51+00:00","btc_mxn",457240.0,457240.02,4.374070322765372e-06
"2023-10-02 01:31:52+00:00","btc_mxn",457240.0,457240.02,4.374070322765372e-06
"2023-10-02 01:31:53+00:00","btc_mxn",457240.0,457240.02,4.374070322765372e-06
"2023-10-02 01:31:54+00:00","btc_mxn",457240.0,457240.02,4.374070322765372e-06
"2023-10-02 01:31:55+00:00","btc_mxn",457240.0,457240.02,4.374070322765372e-06
"2023-10-02 01:31:56+00:00","btc_mxn",457240.0,457240.02,4.374070322765372e-06
"2023-10-02 01:31:57+00:00","btc_mxn",457240.0,457240.02,4.374070322765372e-06
"2023-10-02 01:31:58+00:00","btc_mxn",457240.0,457240.02,4.374070322765372e-06
"2023-10-02 01:31:59+00:00","btc_mxn",457240.0,457240.02,4.374070322765372e-06
"2023-10-02 01:32:00+00:00","btc_mxn",457240.0,457240.02,4.374070322765372e-06
"2023-10-02 01:32:01+00:00","btc_mxn",457240.0,457240.02,4.374070322765372e-06
"2023-10-02 01:32:02+00:00","btc_mxn",457240.0,457240.02,4.374070322765372e-06
"2023-10-02 01:32:03+00:00","btc_mxn",457240.0,457240.02,4.374070322765372e-06
"2023-10-02 01:32:04+00:00","btc_mxn",457240.0,457240.02,4.374070322765372e-06
"2023-10-02 01:32:05+00:00","btc_mxn",457240.0,457240.02,4.374070322765372e-06
"2023-10-02 01:32:06+00:00","btc_mxn",457240.0,457240.02,4.374070322765372e-06
"2023-10-02 01:32:07+00:00","btc_mxn",457240.0,457240.02,4.374070322765372e-06
"2023-10-02 01:32:08+00:00","btc_mxn",457240.0,457240.02,4.374070322765372e-06
"2023-10-02 01:32:09+00:00","btc_mxn",457240.0,457240.02,4.374070322765372e-06
"2023-10-02 01:32:10+00:00","btc_mxn",457240.0,457240.02,4.374070322765372e-06
"2023-10-02 01:32:12+00:00","btc_mxn",457240.0,457240.02,4.374070322765372e-06
"2023-10-02 01:32:13+00:00","btc_mxn",457240.0,457240.02,4.374070322765372e-06
"2023-10-02 01:32:14+00:00","btc_mxn",457240.0,457240.02,4.374070322765372e-06
"2023-10-02 01:32:15+00:00","btc_mxn",457240.0,457240.02,4.374070322765372e-06
"2023-10-02 01:32:16+00:00","btc_mxn",457240.0,457240.02,4.374070322765372e-06
"2023-10-02 01:32:17+00:00","btc_mxn",457240.0,457240.02,4.374070322765372e-06
"2023-10-02 01:32:18+00:00","btc_mxn",457240.0,457240.02,4.374070322765372e-06
"2023-10-02 01:32:19+00:00","btc_mxn",457240.0,457240.02,4.374070322765372e-06
"2023-10-02 01:32:20+00:00","btc_mxn",457240.0,457240.02,4.374070322765372e-06
"2023-10-02 01:32:21+00:00","btc_mxn",457240.0,457240.02,4.374070322765372e-06
"2023-10-02 01:32:22+00:00","btc_mxn",457240.0,457240.02,4.374070322765372e-06
"2023-10-02 01:32:23+00:00","btc_mxn",457240.0,457240.02,4.374070322765372e-06
"2023-10-02 01:32:24+00:00","btc_mxn",457240.0,457240.02,4.374070322765372e-06
"2023-10-02 01:32:25+00:00","btc_mxn",457240.0,457240.02,4.374070322765372e-06
"2023-10-02 01:32:26+00:00","btc_mxn",457240.0,457240.02,4.374070322765372e-06
"2023-10-02 01:32:27+00:00","btc_mxn",457240.0,457240.02,4.374070322765372e-06
"2023-10-02 01:32:28+00:00","btc_mxn",457240.0,457240.02,4.374070322765372e-06
"2023-10-02 01:32:29+00:00","btc_mxn",457240.0,457240.02,4.374070322765372e-06
"2023-10-02 01:32:30+00:00","btc_mxn",457240.0,457240.02,4.374070322765372e-06
"2023-10-02 01:32:31+00:00","btc_mxn",457240.0,457240.02,4.374070322765372e-06
"2023-10-02 01:32:32+00:00","btc_mxn",457240.0,457240.02,4.374070322765372e-06
"2023-10-02 01:32:33+00:00","btc_mxn",457240.0,457240.02,4.374070322765372e-06
"2023-10-02 01:32:34+00:00","btc_mxn",457240.0,457240.02,4.374070322765372e-06
"2023-10-02 01:32:35+00:00","btc_mxn",457240.0,457240.02,4.374070322765372e-06
"2023-10-02 01:32:36+00:00","btc_mxn",457240.0,457240.02,4.374070322765372e-06
"2023-10-02 01:32:37+00:00","btc_mxn",457240.0,457240.02,4.374070322765372e-06
"2023-10-02 01:32:38+00:00","btc_mxn",457240.0,457240.02,4.374070322765372e-06
"2023-10-02 01:32:39+00:00","btc_mxn",457240.0,457240.02,4.374070322765372e-06
"2023-10-02 01:32:40+00:00","btc_mxn",457240.0,457240.02,4.374070322765372e-06
"2023-10-02 01:32:41+00:00","btc_mxn",457240.0,457240.02,4.374070322765372e-06
"2023-10-02 01:32:42+00:00","btc_mxn",457240.0,457240.02,4.374070322765372e-06
"2023-10-02 01:32:43+00:00","btc_mxn",457240.0,457240.02,4.374070322765372e-06
"2023-10-02 01:32:44+00:00","btc_mxn",457240.0,457240.02,4.374070322765372e-06
"2023-10-02 01:32:45+00:00","btc_mxn",457240.0,457240.02,4.374070322765372e-06
"2023-10-02 01:32:46+00:00","btc_mxn",457240.0,457240.02,4.374070322765372e-06
"2023-10-02 01:32:47+00:00","btc_mxn",457240.0,457240.02,4.374070322765372e-06
"2023-10-02 01:32:48+00:00","btc_mxn",457240.0,457240.02,4.374070322765372e-06
"2023-10-02 01:32:49+00:00","btc_mxn",457240.0,457240.02,4.374070322765372e-06
"2023-10-02 01:32:50+00:00","btc_mxn",457240.0,457240.02,4.374070322765372e-06
"2023-10-02 01:32:51+00:00","btc_mxn",457240.0,457240.02,4.374070322765372e-06
"2023-10-02 01:32:52+00:00","btc_mxn",457240.0,457240.02,4.374070322765372e-06
"2023-10-02 01:32:53+00:00","btc_mxn",457240.0,457240.02,4.374070322765372e-06
"2023-10-02 01:32:54+00:00","btc_mxn",457240.0,457240.02,4.374070322765372e-06
"2023-10-02 01:32:55+00:00","btc_mxn",457240.0,457240.02,4.374070322765372e-06
"2023-10-02 01:32:57+00:00","btc_mxn",457240.0,457240.02,4.374070322765372e-06
