timestamp,book,bid,ask,spread
"2023-10-02 01:53:34+00:00","btc_mxn",457240.0,457240.02,4.374070322765372e-06
"2023-10-02 01:53:35+00:00","btc_mxn",457240.0,457240.02,4.374070322765372e-06
"2023-10-02 01:53:36+00:00","btc_mxn",457240.0,457240.02,4.374070322765372e-06
"2023-10-02 01:53:37+00:00","btc_mxn",457240.0,457240.02,4.374070322765372e-06
"2023-10-02 01:53:38+00:00","btc_mxn",457240.0,457240.02,4.374070322765372e-06
"2023-10-02 01:53:39+00:00","btc_mxn",457240.0,457240.02,4.374070322765372e-06
"2023-10-02 01:53:40+00:00","btc_mxn",457240.0,457240.02,4.374070322765372e-06
"2023-10-02 01:53:41+00:00","btc_mxn",457240.0,457240.02,4.374070322765372e-06
"2023-10-02 01:53:42+00:00","btc_mxn",457240.0,457240.02,4.374070322765372e-06
"2023-10-02 01:53:43+00:00","btc_mxn",457240.0,457240.02,4.374070322765372e-06
"2023-10-02 01:53:44+00:00","btc_mxn",457240.0,457240.02,4.374070322765372e-06
"2023-10-02 01:53:45+00:00","btc_mxn",457240.0,457240.02,4.374070322765372e-06
"2023-10-02 01:53:46+00:00","btc_mxn",457240.0,457240.02,4.374070322765372e-06
"2023-10-02 01:53:47+00:00","btc_mxn",457240.0,457240.02,4.374070322765372e-06
"2023-10-02 01:53:48+00:00","btc_mxn",457240.0,457240.02,4.374070322765372e-06
"2023-10-02 01:53:49+00:00","btc_mxn",457240.0,457240.02,4.374070322765372e-06
"2023-10-02 01:53:50+00:00","btc_mxn",457240.0,457240.02,4.374070322765372e-06
"2023-10-02 01:53:51+00:00","btc_mxn",457240.0,457240.02,4.374070322765372e-06
"2023-10-02 01:53:52+00:00","btc_mxn",457240.0,457240.02,4.374070322765372e-06
"2023-10-02 01:53:53+00:00","btc_mxn",457240.0,457240.02,4.374070322765372e-06
"2023-10-02 01:53:54+00:00","btc_mxn",457240.0,457240.02,4.374070322765372e-06
"2023-10-02 01:53:55+00:00","btc_mxn",457240.0,457240.02,4.374070322765372e-06
"2023-10-02 01:53:56+00:00","btc_mxn",457240.0,457240.02,4.374070322765372e-06
"2023-10-02 01:53:58+00:00","btc_mxn",457240.0,457240.02,4.374070322765372e-06
"2023-10-02 01:53:59+00:00","btc_mxn",457240.0,457240.02,4.374070322765372e-06
"2023-10-02 01:54:00+00:00","btc_mxn",457240.0,457240.02,4.374070322765372e-06
"2023-10-02 01:54:01+00:00","btc_mxn",457240.0,457240.02,4.374070322765372e-06
"2023-10-02 01:54:02+00:00","btc_mxn",457240.0,457240.02,4.374070322765372e-06
"2023-10-02 01:54:03+00:00","btc_mxn",457240.0,457240.02,4.374070322765372e-06
"2023-10-02 01:54:04+00:00","btc_mxn",457240.0,457240.02,4.374070322765372e-06
"2023-10-02 01:54:05+00:00","btc_mxn",457240.0,457240.02,4.374070322765372e-06
"2023-10-02 01:54:06+00:00","btc_mxn",457240.0,457240.02,4.374070322765372e-06
"2023-10-02 01:54:07+00:00","btc_mxn",457240.0,457240.02,4.374070322765372e-06
"2023-10-02 01:54:08+00:00","btc_mxn",457240.0,457240.02,4.374070322765372e-06
"2023-10-02 01:54:09+00:00","btc_mxn",457240.0,457240.02,4.374070322765372e-06
"2023-10-02 01:54:10+00:00","btc_mxn",457240.0,457240.02,4.374070322765372e-06
"2023-10-02 01:54:11+00:00","btc_mxn",457240.0,457240.02,4.374070322765372e-06
"2023-10-02 01:54:12+00:00","btc_mxn",457240.0,457240.02,4.374070322765372e-06
"2023-10-02 01:54:13+00:00","btc_mxn",457240.0,457240.02,4.374070322765372e-06
"2023-10-02 01:54:14+00:00","btc_mxn",457240.0,457240.02,4.374070322765372e-06
"2023-10-02 01:54:15+00:00","btc_mxn",457240.0,457240.02,4.374070322765372e-06
"2023-10-02 01:54:16+00:00","btc_mxn",457240.0,457240.02,4.374070322765372e-06
"2023-10-02 01:54:17+00:00","btc_mxn",457240.0,457240.02,4.374070322765372e-06
"2023-10-02 01:54:18+00:00","btc_mxn",457240.0,457240.02,4.374070322765372e-06
"2023-10-02 01:54:19+00:00","btc_mxn",457240.0,457240.02,4.374070322765372e-06
"2023-10-02 01:54:20+00:00","btc_mxn",457240.0,457240.02,4.374070322765372e-06
"2023-10-02 01:54:21+00:00","btc_mxn",457240.0,457240.02,4.374070322765372e-06
"2023-10-02 01:54:22+00:00","btc_mxn",457240.0,457240.02,4.374070322765372e-06
"2023-10-02 01:54:23+00:00","btc_mxn",457240.0,457240.02,4.374070322765372e-06
"2023-10-02 01:54:24+00:00","btc_mxn",457240.0,457240.02,4.374070322765372e-06
"2023-10-02 01:54:25+00:00","btc_mxn",457240.0,457240.02,4.374070322765372e-06
"2023-10-02 01:54:26+00:00","btc_mxn",457240.0,457240.02,4.374070322765372e-06
"2023-10-02 01:54:27+00:00","btc_mxn",457240.0,457240.02,4.374070322765372e-06
"2023-10-02 01:54:28+00:00","btc_mxn",457240.0,457240.02,4.374070322765372e-06
"2023-10-02 01:54:29+00:00","btc_mxn",457240.0,457240.02,4.374070322765372e-06
"2023-10-02 01:54:30+00:00","btc_mxn",457240.0,457240.02,4.374070322765372e-06
"2023-10-02 01:54:31+00:00","btc_mxn",457240.0,457240.02,4.374070322765372e-06
"2023-10-02 01:54:32+00:00","btc_mxn",457240.0,457240.02,4.374070322765372e-06
"2023-10-02 01:54:34+00:00","btc_mxn",457240.0,457240.02,4.374070322765372e-06
"2023-10-02 01:54:35+00:00","btc_mxn",457240.0,457240.02,4.374070322765372e-06
"2023-10-02 01:54:36+00:00","btc_mxn",457240.0,457240.02,4.374070322765372e-06
"2023-10-02 01:54:37+00:00","btc_mxn",457240.0,457240.02,4.374070322765372e-06
"2023-10-02 01:54:38+00:00","btc_mxn",457240.0,457240.02,4.374070322765372e-06
"2023-10-02 01:54:39+00:00","btc_mxn",457240.0,457240.02,4.374070322765372e-06
"2023-10-02 01:54:40+00:00","btc_mxn",457240.0,457240.02,4.374070322765372e-06
"2023-10-02 01:54:41+00:00","btc_mxn",457240.0,457240.02,4.374070322765372e-06
"2023-10-02 01:54:42+00:00","btc_mxn",457240.0,457240.02,4.374070322765372e-06
"2023-10-02 01:54:43+00:00","btc_mxn",457240.0,457240.02,4.374070322765372e-06
"2023-10-02 01:54:44+00:00","btc_mxn",457240.0,457240.02,4.374070322765372e-06
"2023-10-02 01:54:45+00:00","btc_mxn",457240.0,457240.02,4.374070322765372e-06
"2023-10-02 01:54:46+00:00","btc_mxn",457240.0,457240.02,4.374070322765372e-06
"2023-10-02 01:54:47+00:00","btc_mxn",457240.0,457240.02,4.374070322765372e-06
"2023-10-02 01:54:48+00:00","btc_mxn",457240.0,457240.02,4.374070322765372e-06
"2023-10-02 01:54:49+00:00","btc_mxn",457240.0,457240.02,4.374070322765372e-06
"2023-10-02 01:54:50+00:00","btc_mxn",457240.0,457240.02,4.374070322765372e-06
"2023-10-02 01:54:51+00:00","btc_mxn",457240.0,457240.02,4.374070322765372e-06
"2023-10-02 01:54:52+00:00","btc_mxn",457240.0,457240.02,4.374070322765372e-06
"2023-10-02 01:54:53+00:00","btc_mxn",457240.0,457240.02,4.374070322765372e-06
"2023-10-02 01:54:54+00:00","btc_mxn",457240.0,457240.02,4.374070322765372e-06
"2023-10-02 01:54:55+00:00","btc_mxn",457240.0,457240.02,4.374070322765372e-06
"2023-10-02 01:54:56+00:00","btc_mxn",457240.0,457240.02,4.374070322765372e-06
"2023-10-02 01:54:57+00:00","btc_mxn",457240.0,457240.02,4.374070322765372e-06
"2023-10-02 01:54:58+00:00","btc_mxn",457240.0,457240.02,4.374070322765372e-06
"2023-10-02 01:54:59+00:00","btc_mxn",457240.0,457240.02,4.374070322765372e-06
"2023-10-02 01:55:00+00:00","btc_mxn",457240.0,457240.02,4.374070322765372e-06
"2023-10-02 01:55:01+00:00","btc_mxn",457240.0,457240.02,4.374070322765372e-06
"2023-10-02 01:55:02+00:00","btc_mxn",457240.0,457240.02,4.374070322765372e-06
"2023-10-02 01:55:03+00:00","btc_mxn",457240.0,457240.02,4.374070322765372e-06
"2023-10-02 01:55:04+00:00","btc_mxn",457240.0,457240.02,4.374070322765372e-06
"2023-10-02 01:55:05+00:00","btc_mxn",457240.0,457240.02,4.374070322765372e-06
"2023-10-02 01:55:06+00:00","btc_mxn",457240.0,457240.02,4.374070322765372e-06
"2023-10-02 01:55:07+00:00","btc_mxn",457240.0,457240.02,4.374070322765372e-06
"2023-10-02 01:55:08+00:00","btc_mxn",457240.0,457240.02,4.374070322765372e-06
"2023-10-02 01:55:09+00:00","btc_mxn",457240.0,457240.02,4.374070322765372e-06
"2023-10-02 01:55:10+00:00","btc_mxn",457240.0,457240.02,4.374070322765372e-06
"2023-10-02 01:55:11+00:00","btc_mxn",457240.0,457240.02,4.374070322765372e-06
"2023-10-02 01:55:12+00:00","btc_mxn",457240.0,457240.02,4.374070322765372e-06
"2023-10-02 01:55:13+00:00","btc_mxn",457240.0,457240.02,4.374070322765372e-06
"2023-10-02 01:55:14+00:00","btc_mxn",457240.0,457240.02,4.374070322765372e-06
"2023-10-02 01:55:15+00:00","btc_mxn",457240.0,457240.02,4.374070322765372e-06
"2023-10-02 01:55:16+00:00","btc_mxn",457240.0,457240.02,4.374070322765372e-06
"2023-10-02 01:55:17+00:00","btc_mxn",457240.0,457240.02,4.374070322765372e-06
"2023-10-02 01:55:18+00:00","btc_mxn",457240.0,457240.02,4.374070322765372e-06
"2023-10-02 01:55:19+00:00","btc_mxn",457240.0,457240.02,4.374070322765372e-06
"2023-10-02 01:55:20+00:00","btc_mxn",457240.0,457240.02,4.374070322765372e-06
"2023-10-02 01:55:21+00:00","btc_mxn",457240.0,457240.02,4.374070322765372e-06
"2023-10-02 01:55:23+00:00","btc_mxn",457240.0,457240.02,4.374070322765372e-06
"2023-10-02 01:55:24+00:00","btc_mxn",457240.0,457240.02,4.374070322765372e-06
"2023-10-02 01:55:25+00:00","btc_mxn",457240.0,457240.02,4.374070322765372e-06
"2023-10-02 01:55:26+00:00","btc_mxn",457240.0,457240.02,4.374070322765372e-06
"2023-10-02 01:55:27+00:00","btc_mxn",457240.0,457240.02,4.374070322765372e-06
"2023-10-02 01:55:28+00:00","btc_mxn",457240.0,457240.02,4.374070322765372e-06
"2023-10-02 01:55:29+00:00","btc_mxn",457240.0,457240.02,4.374070322765372e-06
"2023-10-02 01:55:30+00:00","btc_mxn",457240.0,457240.02,4.374070322765372e-06
"2023-10-02 01:55:31+00:00","btc_mxn",457240.0,457240.02,4.374070322765372e-06
"2023-10-02 01:55:32+00:00","btc_mxn",457240.0,457240.02,4.374070322765372e-06
"2023-10-02 01:55:33+00:00","btc_mxn",457240.0,457240.02,4.374070322765372e-06
"2023-10-02 01:55:34+00:00","btc_mxn",457240.0,457240.02,4.374070322765372e-06
"2023-10-02 01:55:35+00:00","btc_mxn",457240.0,457240.02,4.374070322765372e-06
"2023-10-02 01:55:36+00:00","btc_mxn",457240.0,457240.02,4.374070322765372e-06
"2023-10-02 01:55:37+00:00","btc_mxn",457240.0,457240.02,4.374070322765372e-06
"2023-10-02 01:55:38+00:00","btc_mxn",457240.0,457240.02,4.374070322765372e-06
"2023-10-02 01:55:39+00:00","btc_mxn",457240.0,457240.02,4.374070322765372e-06
"2023-10-02 01:55:40+00:00","btc_mxn",457240.0,457240.02,4.374070322765372e-06
"2023-10-02 01:55:41+00:00","btc_mxn",457240.0,457240.02,4.374070322765372e-06
"2023-10-02 01:55:42+00:00","btc_mxn",457240.0,457240.02,4.374070322765372e-06
"2023-10-02 01:55:43+00:00","btc_mxn",457240.0,457240.02,4.374070322765372e-06
"2023-10-02 01:55:44+00:00","btc_mxn",457240.0,457240.02,4.374070322765372e-06
"2023-10-02 01:55:45+00:00","btc_mxn",457240.0,457240.02,4.374070322765372e-06
"2023-10-02 01:55:46+00:00","btc_mxn",457240.0,457240.02,4.374070322765372e-06
"2023-10-02 01:55:47+00:00","btc_mxn",457240.0,457240.02,4.374070322765372e-06
"2023-10-02 01:55:48+00:00","btc_mxn",457240.0,457240.02,4.374070322765372e-06
"2023-10-02 01:55:50+00:00","btc_mxn",457240.0,457240.02,4.374070322765372e-06
"2023-10-02 01:55:50+00:00","btc_mxn",457240.0,457240.02,4.374070322765372e-06
"2023-10-02 01:55:52+00:00","btc_mxn",457240.0,457240.02,4.374070322765372e-06
"2023-10-02 01:55:53+00:00","btc_mxn",457240.0,457240.02,4.374070322765372e-06
"2023-10-02 01:55:54+00:00","btc_mxn",457240.0,457240.02,4.374070322765372e-06
"2023-10-02 01:55:55+00:00","btc_mxn",457240.0,457240.02,4.374070322765372e-06
"2023-10-02 01:55:56+00:00","btc_mxn",457240.0,457240.02,4.374070322765372e-06
"2023-10-02 01:55:57+00:00","btc_mxn",457240.0,457240.02,4.374070322765372e-06
"2023-10-02 01:55:58+00:00","btc_mxn",457240.0,457240.02,4.374070322765372e-06
"2023-10-02 01:55:59+00:00","btc_mxn",457240.0,457240.02,4.374070322765372e-06
"2023-10-02 01:56:00+00:00","btc_mxn",457240.0,457240.02,4.374070322765372e-06
"2023-10-02 01:56:01+00:00","btc_mxn",457240.0,457240.02,4.374070322765372e-06
"2023-10-02 01:56:02+00:00","btc_mxn",457240.0,457240.02,4.374070322765372e-06
"2023-10-02 01:56:03+00:00","btc_mxn",457240.0,457240.02,4.374070322765372e-06
"2023-10-02 01:56:04+00:00","btc_mxn",457240.0,457240.02,4.374070322765372e-06
"2023-10-02 01:56:05+00:00","btc_mxn",457240.0,457240.02,4.374070322765372e-06
"2023-10-02 01:56:06+00:00","btc_mxn",457240.0,457240.02,4.374070322765372e-06
"2023-10-02 01:56:07+00:00","btc_mxn",457240.0,457240.02,4.374070322765372e-06
"2023-10-02 01:56:08+00:00","btc_mxn",457240.0,457240.02,4.374070322765372e-06
"2023-10-02 01:56:09+00:00","btc_mxn",457240.0,457240.02,4.374070322765372e-06
"2023-10-02 01:56:10+00:00","btc_mxn",457240.0,457240.02,4.374070322765372e-06
"2023-10-02 01:56:11+00:00","btc_mxn",457240.0,457240.02,4.374070322765372e-06
"2023-10-02 01:56:12+00:00","btc_mxn",457240.0,457240.02,4.374070322765372e-06
"2023-10-02 01:56:13+00:00","btc_mxn",457240.0,457240.02,4.374070322765372e-06
"2023-10-02 01:56:14+00:00","btc_mxn",457240.0,457240.02,4.374070322765372e-06
"2023-10-02 01:56:15+00:00","btc_mxn",457240.0,457240.02,4.374070322765372e-06
"2023-10-02 01:56:16+00:00","btc_mxn",457240.0,457240.02,4.374070322765372e-06
"2023-10-02 01:56:17+00:00","btc_mxn",457240.0,457240.02,4.374070322765372e-06
"2023-10-02 01:56:18+00:00","btc_mxn",457240.0,457240.02,4.374070322765372e-06
"2023-10-02 01:56:19+00:00","btc_mxn",457240.0,457240.02,4.374070322765372e-06
"2023-10-02 01:56:20+00:00","btc_mxn",457240.0,457240.02,4.374070322765372e-06
"2023-10-02 01:56:21+00:00","btc_mxn",457240.0,457240.02,4.374070322765372e-06
"2023-10-02 01:56:22+00:00","btc_mxn",457240.0,457240.02,4.374070322765372e-06
"2023-10-02 01:56:23+00:00","btc_mxn",457240.0,457240.02,4.374070322765372e-06
"2023-10-02 01:56:24+00:00","btc_mxn",457240.0,457240.02,4.374070322765372e-06
"2023-10-02 01:56:25+00:00","btc_mxn",457240.0,457240.02,4.374070322765372e-06
"2023-10-02 01:56:26+00:00","btc_mxn",457240.0,457240.02,4.374070322765372e-06
"2023-10-02 01:56:27+00:00","btc_mxn",457240.0,457240.02,4.374070322765372e-06
"2023-10-02 01:56:28+00:00","btc_mxn",457240.0,457240.02,4.374070322765372e-06
"2023-10-02 01:56:29+00:00","btc_mxn",457240.0,457240.02,4.374070322765372e-06
"2023-10-02 01:56:30+00:00","btc_mxn",457240.0,457240.02,4.374070322765372e-06
"2023-10-02 01:56:31+00:00","btc_mxn",457240.0,457240.02,4.374070322765372e-06
"2023-10-02 01:56:32+00:00","btc_mxn",457240.0,457240.02,4.374070322765372e-06
"2023-10-02 01:56:33+00:00","btc_mxn",457240.0,457240.02,4.374070322765372e-06
"2023-10-02 01:56:34+00:00","btc_mxn",457240.0,457240.02,4.374070322765372e-06
"2023-10-02 01:56:35+00:00","btc_mxn",457240.0,457240.02,4.374070322765372e-06
"2023-10-02 01:56:36+00:00","btc_mxn",457240.0,457240.02,4.374070322765372e-06
"2023-10-02 01:56:38+00:00","btc_mxn",457240.0,457240.02,4.374070322765372e-06
"2023-10-02 01:56:38+00:00","btc_mxn",457240.0,457240.02,4.374070322765372e-06
"2023-10-02 01:56:39+00:00","btc_mxn",457240.0,457240.02,4.374070322765372e-06
"2023-10-02 01:56:40+00:00","btc_mxn",457240.0,457240.02,4.374070322765372e-06
"2023-10-02 01:56:41+00:00","btc_mxn",457240.0,457240.02,4.374070322765372e-06
"2023-10-02 01:56:42+00:00","btc_mxn",457240.0,457240.02,4.374070322765372e-06
"2023-10-02 01:56:44+00:00","btc_mxn",457240.0,457240.02,4.374070322765372e-06
"2023-10-02 01:56:44+00:00","btc_mxn",457240.0,457240.02,4.374070322765372e-06
"2023-10-02 01:56:46+00:00","btc_mxn",457240.0,457240.02,4.374070322765372e-06
"2023-10-02 01:56:47+00:00","btc_mxn",457240.0,457240.02,4.374070322765372e-06
"2023-10-02 01:56:48+00:00","btc_mxn",457240.0,457240.02,4.374070322765372e-06
"2023-10-02 01:56:48+00:00","btc_mxn",457240.0,457240.02,4.374070322765372e-06
"2023-10-02 01:56:50+00:00","btc_mxn",457240.0,457240.02,4.374070322765372e-06
"2023-10-02 01:56:51+00:00","btc_mxn",457240.0,457240.02,4.374070322765372e-06
"2023-10-02 01:56:52+00:00","btc_mxn",457240.0,457240.02,4.374070322765372e-06
"2023-10-02 01:56:53+00:00","btc_mxn",457240.0,457240.02,4.374070322765372e-06
"2023-10-02 01:56:54+00:00","btc_mxn",457240.0,457240.02,4.374070322765372e-06
"2023-10-02 01:56:55+00:00","btc_mxn",457240.0,457240.02,4.374070322765372e-06
"2023-10-02 01:56:56+00:00","btc_mxn",457240.0,457240.02,4.374070322765372e-06
"2023-10-02 01:56:57+00:00","btc_mxn",457240.0,457240.02,4.374070322765372e-06
"2023-10-02 01:56:58+00:00","btc_mxn",457240.0,457240.02,4.374070322765372e-06
"2023-10-02 01:56:59+00:00","btc_mxn",457240.0,457240.02,4.374070322765372e-06
"2023-10-02 01:57:00+00:00","btc_mxn",457240.0,457240.02,4.374070322765372e-06
"2023-10-02 01:57:01+00:00","btc_mxn",457240.0,457240.02,4.374070322765372e-06
"2023-10-02 01:57:02+00:00","btc_mxn",457240.0,457240.02,4.374070322765372e-06
"2023-10-02 01:57:03+00:00","btc_mxn",457240.0,457240.02,4.374070322765372e-06
"2023-10-02 01:57:04+00:00","btc_mxn",457240.0,457240.02,4.374070322765372e-06
"2023-10-02 01:57:05+00:00","btc_mxn",457240.0,457240.02,4.374070322765372e-06
"2023-10-02 01:57:06+00:00","btc_mxn",457240.0,457240.02,4.374070322765372e-06
"2023-10-02 01:57:07+00:00","btc_mxn",457240.0,457240.02,4.374070322765372e-06
"2023-10-02 01:57:08+00:00","btc_mxn",457240.0,457240.02,4.374070322765372e-06
"2023-10-02 01:57:10+00:00","btc_mxn",457240.0,457240.02,4.374070322765372e-06
"2023-10-02 01:57:11+00:00","btc_mxn",457240.0,457240.02,4.374070322765372e-06
"2023-10-02 01:57:12+00:00","btc_mxn",457240.0,457240.02,4.374070322765372e-06
"2023-10-02 01:57:13+00:00","btc_mxn",457240.0,457240.02,4.374070322765372e-06
"2023-10-02 01:57:14+00:00","btc_mxn",457240.0,457240.02,4.374070322765372e-06
"2023-10-02 01:57:15+00:00","btc_mxn",457240.0,457240.02,4.374070322765372e-06
"2023-10-02 01:57:16+00:00","btc_mxn",457240.0,457240.02,4.374070322765372e-06
"2023-10-02 01:57:17+00:00","btc_mxn",457240.0,457240.02,4.374070322765372e-06
"2023-10-02 01:57:18+00:00","btc_mxn",457240.0,457240.02,4.374070322765372e-06
"2023-10-02 01:57:19+00:00","btc_mxn",457240.0,457240.02,4.374070322765372e-06
"2023-10-02 01:57:20+00:00","btc_mxn",457240.0,457240.02,4.374070322765372e-06
"2023-10-02 01:57:21+00:00","btc_mxn",457240.0,457240.02,4.374070322765372e-06
"2023-10-02 01:57:22+00:00","btc_mxn",457240.0,457240.02,4.374070322765372e-06
"2023-10-02 01:57:23+00:00","btc_mxn",457240.0,457240.02,4.374070322765372e-06
"2023-10-02 01:57:24+00:00","btc_mxn",457240.0,457240.02,4.374070322765372e-06
"2023-10-02 01:57:25+00:00","btc_mxn",457240.0,457240.02,4.374070322765372e-06
"2023-10-02 01:57:26+00:00","btc_mxn",457240.0,457240.02,4.374070322765372e-06
"2023-10-02 01:57:27+00:00","btc_mxn",457240.0,457240.02,4.374070322765372e-06
"2023-10-02 01:57:29+00:00","btc_mxn",457240.0,457240.02,4.374070322765372e-06
"2023-10-02 01:57:30+00:00","btc_mxn",457240.0,457240.02,4.374070322765372e-06
"2023-10-02 01:57:31+00:00","btc_mxn",457240.0,457240.02,4.374070322765372e-06
"2023-10-02 01:57:32+00:00","btc_mxn",457240.0,457240.02,4.374070322765372e-06
"2023-10-02 01:57:33+00:00","btc_mxn",457240.0,457240.02,4.374070322765372e-06
"2023-10-02 01:57:34+00:00","btc_mxn",457240.0,457240.02,4.374070322765372e-06
"2023-10-02 01:57:35+00:00","btc_mxn",457240.0,457240.02,4.374070322765372e-06
"2023-10-02 01:57:36+00:00","btc_mxn",457240.0,457240.02,4.374070322765372e-06
"2023-10-02 01:57:37+00:00","btc_mxn",457240.0,457240.02,4.374070322765372e-06
"2023-10-02 01:57:38+00:00","btc_mxn",457240.0,457240.02,4.374070322765372e-06
"2023-10-02 01:57:39+00:00","btc_mxn",457240.0,457240.02,4.374070322765372e-06
"2023-10-02 01:57:40+00:00","btc_mxn",457240.0,457240.02,4.374070322765372e-06
"2023-10-02 01:57:41+00:00","btc_mxn",457240.0,457240.02,4.374070322765372e-06
"2023-10-02 01:57:43+00:00","btc_mxn",457240.0,457240.02,4.374070322765372e-06
"2023-10-02 01:57:44+00:00","btc_mxn",457240.0,457240.02,4.374070322765372e-06
"2023-10-02 01:57:45+00:00","btc_mxn",457240.0,457240.02,4.374070322765372e-06
"2023-10-02 01:57:46+00:00","btc_mxn",457240.0,457240.02,4.374070322765372e-06
"2023-10-02 01:57:47+00:00","btc_mxn",457240.0,457240.02,4.374070322765372e-06
"2023-10-02 01:57:48+00:00","btc_mxn",457240.0,457240.02,4.374070322765372e-06
"2023-10-02 01:57:49+00:00","btc_mxn",457240.0,457240.02,4.374070322765372e-06
"2023-10-02 01:57:50+00:00","btc_mxn",457240.0,457240.02,4.374070322765372e-06
"2023-10-02 01:57:51+00:00","btc_mxn",457240.0,457240.02,4.374070322765372e-06
"2023-10-02 01:57:52+00:00","btc_mxn",457240.0,457240.02,4.374070322765372e-06
"2023-10-02 01:57:54+00:00","btc_mxn",457240.0,457240.02,4.374070322765372e-06
"2023-10-02 01:57:55+00:00","btc_mxn",457240.0,457240.02,4.374070322765372e-06
"2023-10-02 01:57:56+00:00","btc_mxn",457240.0,457240.02,4.374070322765372e-06
"2023-10-02 01:57:57+00:00","btc_mxn",457240.0,457240.02,4.374070322765372e-06
"2023-10-02 01:57:58+00:00","btc_mxn",457240.0,457240.02,4.374070322765372e-06
"2023-10-02 01:57:59+00:00","btc_mxn",457240.0,457240.02,4.374070322765372e-06
"2023-10-02 01:58:00+00:00","btc_mxn",457240.0,457240.02,4.374070322765372e-06
"2023-10-02 01:58:01+00:00","btc_mxn",457240.0,457240.02,4.374070322765372e-06
"2023-10-02 01:58:02+00:00","btc_mxn",457240.0,457240.02,4.374070322765372e-06
"2023-10-02 01:58:03+00:00","btc_mxn",457240.0,457240.02,4.374070322765372e-06
"2023-10-02 01:58:04+00:00","btc_mxn",457240.0,457240.02,4.374070322765372e-06
"2023-10-02 01:58:05+00:00","btc_mxn",457240.0,457240.02,4.374070322765372e-06
"2023-10-02 01:58:06+00:00","btc_mxn",457240.0,457240.02,4.374070322765372e-06
"2023-10-02 01:58:07+00:00","btc_mxn",457240.0,457240.02,4.374070322765372e-06
"2023-10-02 01:58:08+00:00","btc_mxn",457240.0,457240.02,4.374070322765372e-06
"2023-10-02 01:58:09+00:00","btc_mxn",457240.0,457240.02,4.374070322765372e-06
"2023-10-02 01:58:10+00:00","btc_mxn",457240.0,457240.02,4.374070322765372e-06
"2023-10-02 01:58:11+00:00","btc_mxn",457240.0,457240.02,4.374070322765372e-06
"2023-10-02 01:58:13+00:00","btc_mxn",457240.0,457240.02,4.374070322765372e-06
"2023-10-02 01:58:14+00:00","btc_mxn",457240.0,457240.02,4.374070322765372e-06
"2023-10-02 01:58:15+00:00","btc_mxn",457240.0,457240.02,4.374070322765372e-06
"2023-10-02 01:58:16+00:00","btc_mxn",457240.0,457240.02,4.374070322765372e-06
"2023-10-02 01:58:17+00:00","btc_mxn",457240.0,457240.02,4.374070322765372e-06
"2023-10-02 01:58:18+00:00","btc_mxn",457240.0,457240.02,4.374070322765372e-06
"2023-10-02 01:58:19+00:00","btc_mxn",457240.0,457240.02,4.374070322765372e-06
"2023-10-02 01:58:20+00:00","btc_mxn",457240.0,457240.02,4.374070322765372e-06
"2023-10-02 01:58:21+00:00","btc_mxn",457240.0,457240.02,4.374070322765372e-06
"2023-10-02 01:58:22+00:00","btc_mxn",457240.0,457240.02,4.374070322765372e-06
"2023-10-02 01:58:23+00:00","btc_mxn",457240.0,457240.02,4.374070322765372e-06
"2023-10-02 01:58:24+00:00","btc_mxn",457240.0,457240.02,4.374070322765372e-06
"2023-10-02 01:58:25+00:00","btc_mxn",457240.0,457240.02,4.374070322765372e-06
"2023-10-02 01:58:26+00:00","btc_mxn",457240.0,457240.02,4.374070322765372e-06
"2023-10-02 01:58:27+00:00","btc_mxn",457240.0,457240.02,4.374070322765372e-06
"2023-10-02 01:58:28+00:00","btc_mxn",457240.0,457240.02,4.374070322765372e-06
"2023-10-02 01:58:29+00:00","btc_mxn",457240.0,457240.02,4.374070322765372e-06
"2023-10-02 01:58:30+00:00","btc_mxn",457240.0,457240.02,4.374070322765372e-06
"2023-10-02 01:58:31+00:00","btc_mxn",457240.0,457240.02,4.374070322765372e-06
"2023-10-02 01:58:33+00:00","btc_mxn",457240.0,457240.02,4.374070322765372e-06
"2023-10-02 01:58:34+00:00","btc_mxn",457240.0,457240.02,4.374070322765372e-06
"2023-10-02 01:58:35+00:00","btc_mxn",457240.0,457240.02,4.374070322765372e-06
"2023-10-02 01:58:36+00:00","btc_mxn",457240.0,457240.02,4.374070322765372e-06
"2023-10-02 01:58:37+00:00","btc_mxn",457240.0,457240.02,4.374070322765372e-06
"2023-10-02 01:58:38+00:00","btc_mxn",457240.0,457240.02,4.374070322765372e-06
"2023-10-02 01:58:39+00:00","btc_mxn",457240.0,457240.02,4.374070322765372e-06
"2023-10-02 01:58:40+00:00","btc_mxn",457240.0,457240.02,4.374070322765372e-06
"2023-10-02 01:58:41+00:00","btc_mxn",457240.0,457240.02,4.374070322765372e-06
"2023-10-02 01:58:42+00:00","btc_mxn",457240.0,457240.02,4.374070322765372e-06
"2023-10-02 01:58:43+00:00","btc_mxn",457240.0,457240.02,4.374070322765372e-06
"2023-10-02 01:58:44+00:00","btc_mxn",457240.0,457240.02,4.374070322765372e-06
"2023-10-02 01:58:45+00:00","btc_mxn",457240.0,457240.02,4.374070322765372e-06
"2023-10-02 01:58:46+00:00","btc_mxn",457240.0,457240.02,4.374070322765372e-06
"2023-10-02 01:58:47+00:00","btc_mxn",457240.0,457240.02,4.374070322765372e-06
"2023-10-02 01:58:48+00:00","btc_mxn",457240.0,457240.02,4.374070322765372e-06
"2023-10-02 01:58:49+00:00","btc_mxn",457240.0,457240.02,4.374070322765372e-06
"2023-10-02 01:58:50+00:00","btc_mxn",457240.0,457240.02,4.374070322765372e-06
"2023-10-02 01:58:51+00:00","btc_mxn",457240.0,457240.02,4.374070322765372e-06
"2023-10-02 01:58:52+00:00","btc_mxn",457240.0,457240.02,4.374070322765372e-06
"2023-10-02 01:58:53+00:00","btc_mxn",457240.0,457240.02,4.374070322765372e-06
"2023-10-02 01:58:54+00:00","btc_mxn",457240.0,457240.02,4.374070322765372e-06
"2023-10-02 01:58:55+00:00","btc_mxn",457240.0,457240.02,4.374070322765372e-06
"2023-10-02 01:58:56+00:00","btc_mxn",457240.0,457240.02,4.374070322765372e-06
"2023-10-02 01:58:57+00:00","btc_mxn",457240.0,457240.02,4.374070322765372e-06
"2023-10-02 01:58:59+00:00","btc_mxn",457240.0,457240.02,4.374070322765372e-06
"2023-10-02 01:59:00+00:00","btc_mxn",457240.0,457240.02,4.374070322765372e-06
"2023-10-02 01:59:01+00:00","btc_mxn",457240.0,457240.02,4.374070322765372e-06
"2023-10-02 01:59:02+00:00","btc_mxn",457240.0,457240.02,4.374070322765372e-06
"2023-10-02 01:59:03+00:00","btc_mxn",457240.0,457240.02,4.374070322765372e-06
"2023-10-02 01:59:04+00:00","btc_mxn",457240.0,457240.02,4.374070322765372e-06
"2023-10-02 01:59:05+00:00","btc_mxn",457240.0,457240.02,4.374070322765372e-06
"2023-10-02 01:59:06+00:00","btc_mxn",457240.0,457240.02,4.374070322765372e-06
"2023-10-02 01:59:07+00:00","btc_mxn",457240.0,457240.02,4.374070322765372e-06
"2023-10-02 01:59:08+00:00","btc_mxn",457240.0,457240.02,4.374070322765372e-06
"2023-10-02 01:59:09+00:00","btc_mxn",457240.0,457240.02,4.374070322765372e-06
"2023-10-02 01:59:10+00:00","btc_mxn",457240.0,457240.02,4.374070322765372e-06
"2023-10-02 01:59:11+00:00","btc_mxn",457240.0,457240.02,4.374070322765372e-06
"2023-10-02 01:59:12+00:00","btc_mxn",457240.0,457240.02,4.374070322765372e-06
"2023-10-02 01:59:13+00:00","btc_mxn",457240.0,457240.02,4.374070322765372e-06
"2023-10-02 01:59:14+00:00","btc_mxn",457240.0,457240.02,4.374070322765372e-06
"2023-10-02 01:59:15+00:00","btc_mxn",457240.0,457240.02,4.374070322765372e-06
"2023-10-02 01:59:16+00:00","btc_mxn",457240.0,457240.02,4.374070322765372e-06
"2023-10-02 01:59:17+00:00","btc_mxn",457240.0,457240.02,4.374070322765372e-06
"2023-10-02 01:59:18+00:00","btc_mxn",457240.0,457240.02,4.374070322765372e-06
"2023-10-02 01:59:19+00:00","btc_mxn",457240.0,457240.02,4.374070322765372e-06
"2023-10-02 01:59:20+00:00","btc_mxn",457240.0,457240.02,4.374070322765372e-06
"2023-10-02 01:59:21+00:00","btc_mxn",457240.0,457240.02,4.374070322765372e-06
"2023-10-02 01:59:22+00:00","btc_mxn",457240.0,457240.02,4.374070322765372e-06
"2023-10-02 01:59:23+00:00","btc_mxn",457240.0,457240.02,4.374070322765372e-06
"2023-10-02 01:59:24+00:00","btc_mxn",457240.0,457240.02,4.374070322765372e-06
"2023-10-02 01:59:25+00:00","btc_mxn",457240.0,457240.02,4.374070322765372e-06
"2023-10-02 01:59:26+00:00","btc_mxn",457240.0,457240.02,4.374070322765372e-06
"2023-10-02 01:59:27+00:00","btc_mxn",457240.0,457240.02,4.374070322765372e-06
"2023-10-02 01:59:29+00:00","btc_mxn",457240.0,457240.02,4.374070322765372e-06
"2023-10-02 01:59:30+00:00","btc_mxn",457240.0,457240.02,4.374070322765372e-06
"2023-10-02 01:59:31+00:00","btc_mxn",457240.0,457240.02,4.374070322765372e-06
"2023-10-02 01:59:32+00:00","btc_mxn",457240.0,457240.02,4.374070322765372e-06
"2023-10-02 01:59:33+00:00","btc_mxn",457240.0,457240.02,4.374070322765372e-06
"2023-10-02 01:59:34+00:00","btc_mxn",457240.0,457240.02,4.374070322765372e-06
"2023-10-02 01:59:35+00:00","btc_mxn",457240.0,457240.02,4.374070322765372e-06
"2023-10-02 01:59:36+00:00","btc_mxn",457240.0,457240.02,4.374070322765372e-06
"2023-10-02 01:59:37+00:00","btc_mxn",457240.0,457240.02,4.374070322765372e-06
"2023-10-02 01:59:38+00:00","btc_mxn",457240.0,457240.02,4.374070322765372e-06
"2023-10-02 01:59:39+00:00","btc_mxn",457240.0,457240.02,4.374070322765372e-06
"2023-10-02 01:59:40+00:00","btc_mxn",457240.0,457240.02,4.374070322765372e-06
"2023-10-02 01:59:41+00:00","btc_mxn",457240.0,457240.02,4.374070322765372e-06
"2023-10-02 01:59:42+00:00","btc_mxn",457240.0,457240.02,4.374070322765372e-06
"2023-10-02 01:59:43+00:00","btc_mxn",457240.0,457240.02,4.374070322765372e-06
"2023-10-02 01:59:44+00:00","btc_mxn",457240.0,457240.02,4.374070322765372e-06
"2023-10-02 01:59:45+00:00","btc_mxn",457240.0,457240.02,4.374070322765372e-06
"2023-10-02 01:59:46+00:00","btc_mxn",457240.0,457240.02,4.374070322765372e-06
"2023-10-02 01:59:47+00:00","btc_mxn",457240.0,457240.02,4.374070322765372e-06
"2023-10-02 01:59:48+00:00","btc_mxn",457240.0,457240.02,4.374070322765372e-06
"2023-10-02 01:59:49+00:00","btc_mxn",457240.0,457240.02,4.374070322765372e-06
"2023-10-02 01:59:50+00:00","btc_mxn",457240.0,457240.02,4.374070322765372e-06
"2023-10-02 01:59:51+00:00","btc_mxn",457240.0,457240.02,4.374070322765372e-06
"2023-10-02 01:59:52+00:00","btc_mxn",457240.0,457240.02,4.374070322765372e-06
"2023-10-02 01:59:53+00:00","btc_mxn",457240.0,457240.02,4.374070322765372e-06
"2023-10-02 01:59:54+00:00","btc_mxn",457240.0,457240.02,4.374070322765372e-06
"2023-10-02 01:59:55+00:00","btc_mxn",457240.0,457240.02,4.374070322765372e-06
"2023-10-02 01:59:56+00:00","btc_mxn",457240.0,457240.02,4.374070322765372e-06
"2023-10-02 01:59:57+00:00","btc_mxn",457240.0,457240.02,4.374070322765372e-06
"2023-10-02 01:59:58+00:00","btc_mxn",457240.0,457240.02,4.374070322765372e-06
"2023-10-02 01:59:59+00:00","btc_mxn",457240.0,457240.02,4.374070322765372e-06
